@article{iea2018market,
  title={Market Analysis and Forecast from 2018 to 2023},
  author={IEA, Renewables},
  journal={International Energy Agency},
  year={2018}
}
@article{bruckner2015industrial,
  title={Industrial waste heat recovery technologies: An economic analysis of heat transformation technologies},
  author={Br{\"u}ckner, Sarah and Liu, Selina and Mir{\'o}, Laia and Radspieler, Michael and Cabeza, Luisa F and L{\"a}vemann, Eberhard},
  journal={Applied Energy},
  volume={151},
  pages={157--167},
  year={2015},
  publisher={Elsevier}
}
@article{forman2016estimating,
  title={Estimating the global waste heat potential},
  author={Forman, Clemens and Muritala, Ibrahim Kolawole and Pardemann, Robert and Meyer, Bernd},
  journal={Renewable and Sustainable Energy Reviews},
  volume={57},
  pages={1568--1579},
  year={2016},
  publisher={Elsevier}
}
@article{firth2019quantification,
  title={Quantification of global waste heat and its environmental effects},
  author={Firth, Anton and Zhang, Bo and Yang, Aidong},
  journal={Applied Energy},
  volume={235},
  pages={1314--1334},
  year={2019},
  publisher={Elsevier}
}
@article{chiarotti2017development,
  title={Development of a Small Thermoelectric Generators Prototype for Energy Harvesting from Low Temperature Waste Heat at Industrial Plant},
  author={Chiarotti, Ugo and Moroli, Valerio and Menchetti, Fernando and Piancaldini, Roberto and Bianco, Loris and Viotto, Alberto and Baracchini, Giulia and Gaspardo, Daniele and Nazzi, Fabio and Curti, Maurizio and others},
  journal={Journal of nanoscience and nanotechnology},
  volume={17},
  number={3},
  pages={1586--1591},
  year={2017},
  publisher={American Scientific Publishers}
}
@article{ammar2012low,
  title={Low grade thermal energy sources and uses from the process industry in the UK},
  author={Ammar, Yasmine and Joyce, Sharon and Norman, Rosemary and Wang, Yaodong and Roskilly, Anthony P},
  journal={Applied Energy},
  volume={89},
  number={1},
  pages={3--20},
  year={2012},
  publisher={Elsevier}
}
@misc{IThERM,
  title={I-ThERM Project},
  howpublished="\url{http://www.itherm-project.eu}"
}
@article{agathokleous2019waste,
  title={Waste Heat Recovery in the EU industry and proposed new technologies},
  author={Agathokleous, Rafaela and Bianchi, Giuseppe and Panayiotou, Gregoris and Arestia, Lazaros and Argyrou, Maria C and Georgiou, Giorgos S and Tassou, S and Jouhara, Hussam and Kalogirou, Soteris A and Florides, Georgios A and others},
  year={2019},
  publisher={Elsevier}
}
@article{munday1977new,
  title={A new ejector theory applied to steam jet refrigeration},
  author={Munday, John T and Bagster, David F},
  journal={Industrial \& Engineering Chemistry Process Design and Development},
  volume={16},
  number={4},
  pages={442--449},
  year={1977},
  publisher={ACS Publications}
}
@article{besagni2016ejector,
  title={Ejector refrigeration: a comprehensive review},
  author={Besagni, Giorgio and Mereu, Riccardo and Inzoli, Fabio},
  journal={Renewable and Sustainable Energy Reviews},
  volume={53},
  pages={373--407},
  year={2016},
  publisher={Elsevier}
}
@article{chen2015review,
  title={A review on versatile ejector applications in refrigeration systems},
  author={Chen, Jianyong and Jarall, Sad and Havtun, Hans and Palm, Bj{\"o}rn},
  journal={Renewable and Sustainable Energy Reviews},
  volume={49},
  pages={67--90},
  year={2015},
  publisher={Elsevier}
}
@inproceedings{abdelli2010ejector,
  title={The ejector technology in Oued Zar plant},
  author={Abdelli, Hajer and others},
  booktitle={SPE Production and Operations Conference and Exhibition},
  year={2010},
  organization={Society of Petroleum Engineers}
}
@article{unverdi2013performance,
  title={Performance analysis of Germencik geothermal power plant},
  author={Unverdi, Murat and Cerci, Yunus},
  journal={Energy},
  volume={52},
  pages={192--200},
  year={2013},
  publisher={Elsevier}
}
@article{council2017world,
  title={World Energy Resources Geothermal 2016},
  author={Council, Word Energy},
  year={2017},
  journal={URL: https://www. worldenergy. org/wp-content/uploads/2017/03/WEResources\_ Geothermal\_2016. pdf}
}
@inproceedings{berana2013design,
  title={Design and Analysis of Ejector Powerplant System},
  author={Berana, Menandro S and Bermido, Edward T},
  booktitle={ASME 2013 International Mechanical Engineering Congress and Exposition},
  year={2013},
  organization={American Society of Mechanical Engineers Digital Collection}
}
@inproceedings{bonafin2015turboden,
  title={Turboden Geothermal References in Bavaria: Technology, Drivers and Operation},
  author={Bonafin, Joseph and Del Carria, Marco and Gaia, Mario and Duvia, Andrea},
  booktitle={Proceedings World Geothermal Congress, Melbourne},
  year={2015}
}
@inproceedings{duvia2009technical,
  title={Technical and economic aspects of Biomass fuelled CHP plants based on ORC turbogenerators feeding existing district heating networks},
  author={Duvia, Andrea and Guercio, Alessandro and Rossi, C},
  booktitle={Proceedings of the 17th European biomass conference, Hamburg, Germany},
  pages={2030--2037},
  year={2009}
}
@incollection{bronicki2017history,
  title={History of Organic Rankine Cycle systems},
  author={Bronicki, LY},
  booktitle={Organic Rankine Cycle (ORC) Power Systems},
  pages={25--66},
  year={2017},
  publisher={Elsevier}
}
@article{lolos2009kalina,
  title={A Kalina power cycle driven by renewable energy sources},
  author={Lolos, PA and Rogdakis, ED},
  journal={Energy},
  volume={34},
  number={4},
  pages={457--464},
  year={2009},
  publisher={Elsevier}
}
@article{astolfi2018comparison,
  title={Comparison between ORC and CO2 power systems for the exploitation of low-medium temperature heat sources},
  author={Astolfi, Marco and Alfani, Dario and Lasala, Silvia and Macchi, Ennio},
  journal={Energy},
  volume={161},
  pages={1250--1261},
  year={2018},
  publisher={Elsevier}
}
@article{chunnanond2004ejectors,
  title={Ejectors: applications in refrigeration technology},
  author={Chunnanond, Kanjanapon and Aphornratana, Satha},
  journal={Renewable and sustainable energy reviews},
  volume={8},
  number={2},
  pages={129--155},
  year={2004},
  publisher={Elsevier}
}
@article{chen2013recent,
  title={Recent developments in ejector refrigeration technologies},
  author={Chen, Xiangjie and Omer, Siddig and Worall, Mark and Riffat, Saffa},
  journal={Renewable and Sustainable Energy Reviews},
  volume={19},
  pages={629--651},
  year={2013},
  publisher={Elsevier}
}
@article{zegenhagen2015experimental,
  title={Experimental investigation of the characteristics of a jet-ejector and a jet-ejector cooling system operating with R134a as a refrigerant},
  author={Zegenhagen, MT and Ziegler, F},
  journal={International journal of refrigeration},
  volume={56},
  pages={173--185},
  year={2015},
  publisher={Elsevier}
}
@article{khalil2011ejector,
  title={Ejector design and theoretical study of R134a ejector refrigeration cycle},
  author={Khalil, A and Fatouh, M and Elgendy, E},
  journal={International Journal of refrigeration},
  volume={34},
  number={7},
  pages={1684--1698},
  year={2011},
  publisher={Elsevier}
}
@inproceedings{redo2017ejector,
  title={Ejector refrigeration system driven by renewable energy and waste heat},
  author={Redo, MA and Berana, M and Saito, K},
  booktitle={12th Heat Pump Conference},
  pages={4--9},
  year={2017}
}
@article{varga2015readdressing,
  title={Readdressing working fluid selection with a view to designing a variable geometry ejector},
  author={Varga, Szabolcs and Lebre, Pedro S and Oliveira, Armando C},
  journal={International Journal of Low-Carbon Technologies},
  volume={10},
  number={3},
  pages={205--215},
  year={2015},
  publisher={Oxford University Press}
}
@article{sankarlal2007experimental,
  title={Experimental investigations on ejector refrigeration system with ammonia},
  author={Sankarlal, T and Mani, AJRE},
  journal={Renewable Energy},
  volume={32},
  number={8},
  pages={1403--1413},
  year={2007},
  publisher={Elsevier}
}
@article{chunnanond2004experimental,
  title={An experimental investigation of a steam ejector refrigerator: the analysis of the pressure profile along the ejector},
  author={Chunnanond, Kanjanapon and Aphornratana, Satha},
  journal={Applied Thermal Engineering},
  volume={24},
  number={2-3},
  pages={311--322},
  year={2004},
  publisher={Elsevier}
}
@article{li2005transcritical,
  title={Transcritical CO2 refrigeration cycle with ejector-expansion device},
  author={Li, Daqing and Groll, Eckhard A},
  journal={International Journal of refrigeration},
  volume={28},
  number={5},
  pages={766--773},
  year={2005},
  publisher={Elsevier}
}
@article{elbel2011historical,
  title={Historical and present developments of ejector refrigeration systems with emphasis on transcritical carbon dioxide air-conditioning applications},
  author={Elbel, Stefan},
  journal={International Journal of Refrigeration},
  volume={34},
  number={7},
  pages={1545--1561},
  year={2011},
  publisher={Elsevier}
}
@article{selvaraju2004analysis,
  title={Analysis of a vapour ejector refrigeration system with environment friendly refrigerants},
  author={Selvaraju, A and Mani, A},
  journal={International Journal of Thermal Sciences},
  volume={43},
  number={9},
  pages={915--921},
  year={2004},
  publisher={Elsevier}
}
@article{yang2015thermodynamic,
  title={Thermodynamic analysis of a combined power and ejector refrigeration cycle using zeotropic mixtures},
  author={Yang, Xingyang and Zhao, Li},
  journal={Energy Procedia},
  volume={75},
  pages={1033--1036},
  year={2015},
  publisher={Elsevier}
}
@article{li2012thermodynamic,
  title={Thermodynamic analysis of organic Rankine cycle with ejector},
  author={Li, Xinguo and Zhao, Cuicui and Hu, Xiaochen},
  journal={Energy},
  volume={42},
  number={1},
  pages={342--349},
  year={2012},
  publisher={Elsevier}
}
@article{bergander2006refrigeration,
  title={Refrigeration cycle with two-phase condensing ejector},
  author={Bergander, Mark J},
  year={2006}
}
@article{unal2015thermodynamic,
  title={Thermodynamic analysis of the two-phase ejector air-conditioning system for buses},
  author={{\"U}nal, {\c{S}}aban and Yilmaz, Tuncay},
  journal={Applied Thermal Engineering},
  volume={79},
  pages={108--116},
  year={2015},
  publisher={Elsevier}
}
@article{hemidi2009cfd,
  title={CFD analysis of a supersonic air ejector. Part I: Experimental validation of single-phase and two-phase operation},
  author={Hemidi, Amel and Henry, Fran{\c{c}}ois and Leclaire, S{\'e}bastien and Seynhaeve, Jean-Marie and Bartosiewicz, Yann},
  journal={Applied Thermal Engineering},
  volume={29},
  number={8-9},
  pages={1523--1531},
  year={2009},
  publisher={Elsevier}
}
@article{wang2009theoretical,
  title={A theoretical study on a novel combined power and ejector refrigeration cycle},
  author={Wang, Jiangfeng and Dai, Yiping and Sun, Zhixin},
  journal={International Journal of Refrigeration},
  volume={32},
  number={6},
  pages={1186--1194},
  year={2009},
  publisher={Elsevier}
}
@article{wang2014comparative,
  title={Comparative studies of ejector-expansion vapor compression refrigeration cycles for applications in domestic refrigerator-freezers},
  author={Wang, Xiao and Yu, Jianlin and Zhou, Mengliu and Lv, Xiaolong},
  journal={Energy},
  volume={70},
  pages={635--642},
  year={2014},
  publisher={Elsevier}
}
@article{wang2015experimental,
  title={An experimental investigation on a novel ejector enhanced refrigeration cycle applied in the domestic refrigerator-freezer},
  author={Wang, Xiao and Yu, Jianlin},
  journal={Energy},
  volume={93},
  pages={202--209},
  year={2015},
  publisher={Elsevier}
}
@inproceedings{lecompte2013thermodynamic,
  title={Thermodynamic analysis of the partially evaporating trilateral cycle},
  author={Lecompte, Steven and van den Broek, Martijn and De Paepe, Michel},
  booktitle={2nd International Seminar on ORC Power Systems (ASME Organic Rankine Cycle)},
  year={2013}
}
@article{zhou2016performance,
  title={Performance analysis of the partial evaporating organic Rankine cycle (PEORC) using zeotropic mixtures},
  author={Zhou, Yaodong and Zhang, Fengyuan and Yu, Lijun},
  journal={Energy conversion and Management},
  volume={129},
  pages={89--99},
  year={2016},
  publisher={Elsevier}
}
@inproceedings{lecompte2019off,
  title={Off-design comparison of subcritical and partial evaporating ORCs in quasi-steady state annual simulations},
  author={Lecompte, Steven and Chatzopoulou, Maria Anna and Markides, Christos N and De Paepe, Michel},
  booktitle={10th International Conference on Applied Energy (ICAE)},
  volume={158},
  pages={2064--2069},
  year={2019}
}
@article{shah2011experimental,
  title={Experimental and numerical analysis of steam jet pump},
  author={Shah, Ajmal and Chughtai, Imran Rafiq and Inayat, Mansoor Hameed},
  journal={International journal of multiphase flow},
  volume={37},
  number={10},
  pages={1305--1314},
  year={2011},
  publisher={Elsevier}
}
@article{shah2014experimental,
  title={Experimental and numerical investigation of the effect of mixing section length on direct-contact condensation in steam jet pump},
  author={Shah, Ajmal and Chughtai, Imran Rafiq and Inayat, Mansoor Hameed},
  journal={International Journal of Heat and Mass Transfer},
  volume={72},
  pages={430--439},
  year={2014},
  publisher={Elsevier}
}
@misc{doe2009highlights,
  title={Highlights of the 2009--2030 Philippine Energy Plan},
  author={DOE},
  year={2009},
  publisher={Philippine Department of Energy. Manila}
}
@misc{iea2018world,
  title={World energy statistics and balances},
  author={IEA, IEA},
  year={2018},
  publisher={OECD iLibrary, eISSN}
}
@inproceedings{international2017world,
  title={World energy balances: overview},
  author={International Energy Association and others},
  year={2017},
  organization={IEA}
}
@misc{energy2017world,
  title={World Energy Outlook 2017},
  author={Energy, IEA and Change, C},
  year={2017},
  publisher={Paris}
}
@article{bianchi2016modeling,
  title={Modeling and experimental activities on a small-scale sliding vane pump for ORC-based waste heat recovery applications},
  author={Bianchi, Giuseppe and Fatigati, Fabio and Murgia, Stefano and Cipollone, Roberto and Contaldi, Giulio},
  journal={Energy Procedia},
  volume={101},
  pages={1240--1247},
  year={2016},
  publisher={Elsevier}
}
@article{wang2010performance,
  title={Performance evaluation of a low-temperature solar Rankine cycle system utilizing R245fa},
  author={Wang, XD and Zhao, L and Wang, JL and Zhang, WZ and Zhao, XZ and Wu, W},
  journal={Solar energy},
  volume={84},
  number={3},
  pages={353--364},
  year={2010},
  publisher={Elsevier}
}
@article{delovato2019review,
  title={A review of heat recovery applications for solar and geothermal power plants},
  author={DeLovato, Nicolas and Sundarnath, Kavin and Cvijovic, Lazar and Kota, Krishna and Kuravi, Sarada},
  journal={Renewable and Sustainable Energy Reviews},
  volume={114},
  pages={109329},
  year={2019},
  publisher={Elsevier}
}
@article{qiu2012experimental,
  title={Experimental investigation of a biomass-fired ORC-based micro-CHP for domestic applications},
  author={Qiu, Guoquan and Shao, Yingjuan and Li, Jinxing and Liu, Hao and Riffat, Saffa B},
  journal={Fuel},
  volume={96},
  pages={374--382},
  year={2012},
  publisher={Elsevier}
}
@article{nesreddine2015experimental,
  title={Experimental investigation of an ejector-compression cascade system activated with low-grade waste heat},
  author={Nesreddine, Hakim and Bendaoud, Adlane and Aidoun, Zine and Ouzzane, Mohamed and Le Lostec, Brice},
  journal={ICR Yokohama, Japan},
  pages={16--22},
  year={2015}
}
@article{miro2016thermal,
  title={Thermal energy storage (TES) for industrial waste heat (IWH) recovery: A review},
  author={Mir{\'o}, Laia and Gasia, Jaume and Cabeza, Luisa F},
  journal={Applied Energy},
  volume={179},
  pages={284--301},
  year={2016},
  publisher={Elsevier}
}
@article{singh2016review,
  title={A review of waste heat recovery technologies for maritime applications},
  author={Singh, Dig Vijay and Pedersen, Eilif},
  journal={Energy conversion and management},
  volume={111},
  pages={315--328},
  year={2016},
  publisher={Elsevier}
}
@article{orr2016review,
  title={A review of car waste heat recovery systems utilising thermoelectric generators and heat pipes},
  author={Orr, B and Akbarzadeh, A and Mochizuki, M and Singh, R},
  journal={Applied Thermal Engineering},
  volume={101},
  pages={490--495},
  year={2016},
  publisher={Elsevier}
}
@article{chen2015thermodynamic,
  title={Thermodynamic optimization opportunities for the recovery and utilization of residual energy and heat in China's iron and steel industry: a case study},
  author={Chen, Lingen and Yang, Bo and Shen, Xun and Xie, Zhihui and Sun, Fengrui},
  journal={Applied Thermal Engineering},
  volume={86},
  pages={151--160},
  year={2015},
  publisher={Elsevier}
}
@article{gude2008desalination,
  title={Desalination using low-grade heat sources},
  author={Gude, Veera Gnaneswar and Nirmalakhandan, Nagamany},
  journal={Journal of Energy Engineering},
  volume={134},
  number={3},
  pages={95--101},
  year={2008},
  publisher={American Society of Civil Engineers}
}
@article{daniel2020aluminium,
  title={The Aluminium Industry: A Review on State-of-the-Art Technologies, Environmental Impacts and Possibilities for Waste Heat Recovery},
  author={Daniel, B and Jouhara, H},
  year={2020},
  publisher={Elsevier}
}
@article{zhao2019expansion,
  title={Expansion devices for organic Rankine cycle (ORC) using in low temperature heat recovery: A review},
  author={Zhao, Yuanyang and Liu, Guangbin and Li, Liansheng and Yang, Qichao and Tang, Bin and Liu, Yunxia},
  journal={Energy Conversion and Management},
  volume={199},
  pages={111944},
  year={2019},
  publisher={Elsevier}
}
@inproceedings{saghlatoun2014review,
  title={Review of expander selection for small-scale organic Rankine cycle},
  author={Saghlatoun, Saeedeh and Zhuge, Weilin and Zhang, Yangjun},
  booktitle={ASME 2014 4th Joint US-European Fluids Engineering Division Summer Meeting collocated with the ASME 2014 12th International Conference on Nanochannels, Microchannels, and Minichannels},
  year={2014},
  organization={American Society of Mechanical Engineers Digital Collection}
}
@article{al2017modelling,
  title={Modelling and parametric analysis of small-scale axial and radial-outflow turbines for Organic Rankine Cycle applications},
  author={Al Jubori, Ayad M and Al-Dadah, Raya K and Mahmoud, Saad and Daabo, Ahmed},
  journal={Applied energy},
  volume={190},
  pages={981--996},
  year={2017},
  publisher={Elsevier}
}
@article{al2017new,
  title={New performance maps for selecting suitable small-scale turbine configuration for low-power organic Rankine cycle applications},
  author={Al Jubori, Ayad M and Al-Dadah, Raya and Mahmoud, Saad},
  journal={Journal of Cleaner Production},
  volume={161},
  pages={931--946},
  year={2017},
  publisher={Elsevier}
}
@phdthesis{quoilin2011sustainable,
  title={Sustainable energy conversion through the use of Organic Rankine Cycles for waste heat recovery and solar applications},
  author={Quoilin, Sylvain},
  year={2011}
}
@book{smith2014power,
  title={Power recovery from low grade heat by means of screw expanders},
  author={Smith, Ian K and Stosic, Nikola and Kovacevic, Ahmed},
  year={2014},
  publisher={Elsevier}
}
@article{campana2019experimental,
  title={Experimental analysis of a small-scale scroll expander for low-temperature waste heat recovery in Organic Rankine Cycle},
  author={Campana, Claudio and Cioccolanti, Luca and Renzi, Massimiliano and Caresana, Flavio},
  journal={Energy},
  volume={187},
  pages={115929},
  year={2019},
  publisher={Elsevier}
}
@article{lu2015experimental,
  title={Experimental investigation of a scroll expander for power generation part of a resorption cogeneration},
  author={Lu, Yiji and Wang, Yaodong and Wang, Liwei and Yuan, Ye and Liu, Zhen and Roskilly, Anthony Paul},
  journal={Energy Procedia},
  volume={75},
  pages={1027--1032},
  year={2015},
  publisher={Elsevier}
}
@article{mascuch2017towards,
  title={Towards development of 1-10 kW pilot ORC units operating with hexamethyldisiloxane and using rotary vane expander},
  author={Mascuch, Jakub and Novotny, Vaclav and Vodicka, Vaclav and Zeleny, Zbynek},
  journal={Energy Procedia},
  volume={129},
  pages={826--833},
  year={2017},
  publisher={Elsevier}
}
@article{mascuch2020experimental,
  title={Experimental development of a kilowatt-scale biomass fired micro--CHP unit based on ORC with rotary vane expander},
  author={Mascuch, Jakub and Novotny, Vaclav and Vodicka, Vaclav and Spale, Jan and Zeleny, Zbynek},
  journal={Renewable Energy},
  volume={147},
  pages={2882--2895},
  year={2020},
  publisher={Elsevier}
}
@article{feidt2014performance,
  title={Performance optimization of low-temperature power generation by supercritical ORCs (organic Rankine cycles) using low GWP (global warming potential) working fluids},
  author={Feidt, Michel and Kheiri, Abdelhamid and Pelloux-Prayer, Sandrine and others},
  journal={Energy},
  volume={67},
  pages={513--526},
  year={2014},
  publisher={Elsevier}
}
@article{peris2015experimental,
  title={Experimental characterization of an ORC (organic Rankine cycle) for power and CHP (combined heat and power) applications from low grade heat sources},
  author={Peris, Bernardo and Navarro-Esbr{\'\i}, Joaqu{\'\i}n and Mol{\'e}s, Francisco and Gonz{\'a}lez, Manuel and Mota-Babiloni, Adri{\'a}n},
  journal={Energy},
  volume={82},
  pages={269--276},
  year={2015},
  publisher={Elsevier}
}
@article{mahmoudi2018recent,
  title={A recent review of waste heat recovery by Organic Rankine Cycle},
  author={Mahmoudi, A and Fazli, M and Morad, MR},
  journal={Applied Thermal Engineering},
  volume={143},
  pages={660--675},
  year={2018},
  publisher={Elsevier}
}
@article{ho2012increased,
  title={Increased power production through enhancements to the Organic Flash Cycle (OFC)},
  author={Ho, Tony and Mao, Samuel S and Greif, Ralph},
  journal={Energy},
  volume={45},
  number={1},
  pages={686--695},
  year={2012},
  publisher={Elsevier}
}
@article{zhang2012review,
  title={A review of research on the Kalina cycle},
  author={Zhang, Xinxin and He, Maogang and Zhang, Ying},
  journal={Renewable and sustainable energy reviews},
  volume={16},
  number={7},
  pages={5309--5318},
  year={2012},
  publisher={Elsevier}
}
@article{sarkar2015review,
  title={Review and future trends of supercritical CO2 Rankine cycle for low-grade heat conversion},
  author={Sarkar, Jahar},
  journal={Renewable and Sustainable Energy Reviews},
  volume={48},
  pages={434--451},
  year={2015},
  publisher={Elsevier}
}
@article{li2017comparison,
  title={Comparison study of Trilateral Rankine Cycle, Organic Flash Cycle and basic Organic Rankine Cycle for low grade heat recovery},
  author={Li, Zhi and Lu, Yiji and Huang, Yuqi and Qian, Gao and Chen, Fenfang and Yu, Xiaoli and Roskilly, Anthony},
  journal={Energy Procedia},
  volume={142},
  pages={1441--1447},
  year={2017},
  publisher={Elsevier}
}
@article{garcia2018review,
  title={A review of thermodynamic cycles used in low temperature recovery systems over the last two years},
  author={Garcia, Steven Iglesias and Garcia, Ramon Ferreiro and Carril, Jose Carbia and Garcia, Denis Iglesias},
  journal={Renewable and Sustainable Energy Reviews},
  volume={81},
  pages={760--767},
  year={2018},
  publisher={Elsevier}
}
@article{abrosimov2019techno,
  title={Techno-economic analysis of combined inverted Brayton--Organic Rankine cycle for high-temperature waste heat recovery},
  author={Abrosimov, Kirill A and Baccioli, Andrea and Bischi, Aldo},
  journal={Energy Conversion and Management: X},
  volume={3},
  pages={100014},
  year={2019},
  publisher={Elsevier}
}
@inproceedings{coberana2017,
  title={Modelling and analysis of power generation from low grade industrial waste heat using ejector trilateral flash cycle},
  author={Co, Celden B and Berana, Menandro S},
  booktitle={Lecture Notes in Engineering and Computer Science},
  year={2017},
}
@misc{adbphilippines2018,
  title={Philippines: Energy Sector Assessment, Strategy, and Road Map},
  howpublished="\url{http://dx.doi.org/10.22617/TCS189616}"
}
@misc{doe2017energysituationer,
  title={2017 Philippine Energy Situationer},
  howpublished="\url{https://www.doe.gov.ph/sites/default/files/pdf/energy_statistics/2017\_philippine\_energy\_situationer.pdf}"
}
@misc{irenageothermalpower2017,
  title={Geothermal power: Technology brief},
  howpublished="\url{https://www.irena.org/publications/2017/Aug/Geothermal-power-Technology-brief}"
}
@misc{irenageothermalinstcap,
  title={Geothermal Energy:Installed Capacity Trends},
  howpublished="\url{https://www.irena.org/en/geothermal}"
}
@article{du2018off,
  title={Off-design performance comparative analysis between basic and parallel dual-pressure organic Rankine cycles using radial inflow turbines},
  author={Du, Yang and Yang, Yi and Hu, Dongshuai and Hao, Muting and Wang, Jiangfeng and Dai, Yiping},
  journal={Applied Thermal Engineering},
  volume={138},
  pages={18--34},
  year={2018},
  publisher={Elsevier}
}
@article{tashtoush2019parametric,
  title={Parametric Study of a Novel Hybrid Solar Variable Geometry Ejector Cooling with Organic Rankine Cycles},
  author={Tashtoush, Bourhan and Algharbawi, Almutaz Ballah R},
  journal={Energy Conversion and Management},
  volume={198},
  pages={111910},
  year={2019},
  publisher={Elsevier}
}
@article{wang2020techno,
  title={Techno-economic performance of two-stage series evaporation organic Rankine cycle with dual-level heat sources},
  author={Wang, Qiulin and Wang, Jianqiang and Li, Tailu and Meng, Nan},
  journal={Applied Thermal Engineering},
  volume={171},
  pages={115078},
  year={2020},
  publisher={Elsevier}
}
@article{kazemi2020thermodynamic,
  title={Thermodynamic and economic investigation of an ionic liquid as a new proposed geothermal fluid in different organic Rankine cycles for energy production},
  author={Kazemi, Shabnam and Nor, Mohamad Iskandr Mohamad and Teoh, Wen Hui},
  journal={Energy},
  volume={193},
  pages={116722},
  year={2020},
  publisher={Elsevier}
}
@article{haghparast2019analysis,
  title={Analysis and design optimization of an ejector integrated into an organic Rankine cycle},
  author={Haghparast, Payam and Sorin, Mikhail V and Richard, Marc A and Nesreddine, Hakim},
  journal={Applied Thermal Engineering},
  volume={159},
  pages={113979},
  year={2019},
  publisher={Elsevier}
}
@article{zhang2019theoretical,
  title={A theoretical study on a novel combined organic Rankine cycle and ejector heat pump},
  author={Zhang, Chenghu and Lin, Jiyou and Tan, Yufei},
  journal={Energy},
  volume={176},
  pages={81--90},
  year={2019},
  publisher={Elsevier}
}
@article{xi2013parametric,
  title={Parametric optimization of regenerative organic Rankine cycle (ORC) for low grade waste heat recovery using genetic algorithm},
  author={Xi, Huan and Li, Ming-Jia and Xu, Chao and He, Ya-Ling},
  journal={Energy},
  volume={58},
  pages={473--482},
  year={2013},
  publisher={Elsevier}
}
@article{kajurek2019selection,
  title={Selection of refrigerants for a modified organic Rankine cycle},
  author={Kajurek, Jakub and Rusowicz, Artur and Grzebielec, Andrzej and Bujalski, Wojciech and Futyma, Kamil and Rudowicz, Zbigniew},
  journal={Energy},
  volume={168},
  pages={1--8},
  year={2019},
  publisher={Elsevier}
}
@article{kurtulus2018thermoeconomic,
  title={Thermoeconomic analysis of a CO2 compression system using waste heat into the regenerative organic Rankine cycle},
  author={Kurtulus, Karani and Coskun, Ahmet and Ameen, Shadan and Yilmaz, Ceyhun and Bolatturk, Ali},
  journal={Energy Conversion and Management},
  volume={168},
  pages={588--598},
  year={2018},
  publisher={Elsevier}
}
@article{li2016orcpart1,
  title={Organic Rankine cycle performance evaluation and thermoeconomic assessment with various applications part I: Energy and exergy performance evaluation},
  author={Li, Gang},
  journal={Renewable and Sustainable Energy Reviews},
  volume={53},
  pages={477--499},
  year={2016},
  publisher={Elsevier}
}
@article{li2016orcpart2,
  title={Organic Rankine cycle performance evaluation and thermoeconomic assessment with various applications part II: Economic assessment aspect},
  author={Li, Gang},
  journal={Renewable and Sustainable Energy Reviews},
  volume={64},
  pages={490--505},
  year={2016},
  publisher={Elsevier}
}
@article{zare2015comparative,
  title={A comparative exergoeconomic analysis of different ORC configurations for binary geothermal power plants},
  author={Zare, V},
  journal={Energy conversion and management},
  volume={105},
  pages={127--138},
  year={2015},
  publisher={Elsevier}
}
@article{xue2017design,
  title={Design and optimization of a novel cryogenic Rankine power generation system employing binary and ternary mixtures as working fluids based on the cold exergy utilization of liquefied natural gas (LNG)},
  author={Xue, Feier and Chen, Yu and Ju, Yonglin},
  journal={Energy},
  volume={138},
  pages={706--720},
  year={2017},
  publisher={Elsevier}
}
@article{boyaghchi2018assessment,
  title={Assessment and optimization of a novel solar driven natural gas liquefaction based on cascade ORC integrated with linear Fresnel collectors},
  author={Boyaghchi, Fateme Ahmadi and Sohbatloo, Arezoo},
  journal={Energy Conversion and Management},
  volume={162},
  pages={77--89},
  year={2018},
  publisher={Elsevier}
}
@article{sun2017multi,
  title={Multi-parameter optimization and fluid selection guidance of a two-stage organic Rankine cycle utilizing LNG cold energy and low grade heat},
  author={Sun, Zhixin and Wang, Shujia and Xu, Fuquan and He, Weifeng},
  journal={Energy Procedia},
  volume={142},
  pages={1222--1229},
  year={2017},
  publisher={Elsevier}
}
@article{yu2016experimental,
  title={Experimental investigations on a cascaded steam-/organic-Rankine-cycle (RC/ORC) system for waste heat recovery (WHR) from diesel engine},
  author={Yu, Guopeng and Shu, Gequn and Tian, Hua and Huo, Yongzhan and Zhu, Weijie},
  journal={Energy conversion and management},
  volume={129},
  pages={43--51},
  year={2016},
  publisher={Elsevier}
}
@article{sung2016thermodynamic,
  title={Thermodynamic analysis of a novel dual-loop organic Rankine cycle for engine waste heat and LNG cold},
  author={Sung, Taehong and Kim, Kyung Chun},
  journal={Applied thermal engineering},
  volume={100},
  pages={1031--1041},
  year={2016},
  publisher={Elsevier}
}
@article{bao2018simultaneous,
  title={Simultaneous optimization of system structure and working fluid for the three-stage condensation Rankine cycle utilizing LNG cold energy},
  author={Bao, Junjiang and Zhang, Ruixiang and Lin, Yan and Zhang, Ning and Zhang, Xiaopeng and He, Gaohong},
  journal={Applied Thermal Engineering},
  volume={140},
  pages={120--130},
  year={2018},
  publisher={Elsevier}
}
@article{garcia2015power,
  title={Power plant based on three series Rankine cycles combined with a direct expander using LNG cold as heat sink},
  author={Garc{\'\i}a, Ram{\'o}n Ferreiro and Carril, Jose Carbia and Gomez, Javier Romero and Gomez, Manuel Romero},
  journal={Energy Conversion and Management},
  volume={101},
  pages={285--294},
  year={2015},
  publisher={Elsevier}
}
@article{garcia2016combined,
  title={Combined cascaded Rankine and direct expander based power units using LNG (liquefied natural gas) cold as heat sink in LNG regasification},
  author={Garc{\'\i}a, Ram{\'o}n Ferreiro and Carril, Jose Carbia and Gomez, Javier Romero and Gomez, Manuel Romero},
  journal={Energy},
  volume={105},
  pages={16--24},
  year={2016},
  publisher={Elsevier}
}
@article{chen2017novel,
  title={A novel cascade organic Rankine cycle (ORC) system for waste heat recovery of truck diesel engines},
  author={Chen, Tao and Zhuge, Weilin and Zhang, Yangjun and Zhang, Lei},
  journal={Energy Conversion and Management},
  volume={138},
  pages={210--223},
  year={2017},
  publisher={Elsevier}
}
@inproceedings{rodder2015systematic,
  title={Systematic fluid selection for Organic Rankine Cycles (ORC) and performance analysis for a combined high and low temperature cycle},
  author={R{\"o}dder, Maximilian and Neef, Matthias and Laux, Christoph and Priebe, Klaus-P},
  booktitle={ASME Turbo Expo 2015: Turbine Technical Conference and Exposition},
  year={2015},
  organization={American Society of Mechanical Engineers Digital Collection}
}
@inproceedings{read2016optimisation,
  title={Optimisation of power plant operating on waste heat of gas IC engine driven power generator},
  author={Read, Matthew G and Smith, Ian K and Stosic, Nikola},
  booktitle={ASME 2016 International Mechanical Engineering Congress and Exposition},
  year={2016},
  organization={American Society of Mechanical Engineers Digital Collection}
}
@inproceedings{hessami2012geothermal,
  title={Geothermal Energy for Small-Scale Power Generation Using an Organic Rankine Cycle},
  author={Hessami, Mir Akbar},
  booktitle={ASME 2012 6th International Conference on Energy Sustainability collocated with the ASME 2012 10th International Conference on Fuel Cell Science, Engineering and Technology},
  pages={837--846},
  year={2012},
  organization={American Society of Mechanical Engineers Digital Collection}
}
@article{colonna2015organic,
  title={Organic Rankine cycle power systems: from the concept to current technology, applications, and an outlook to the future},
  author={Colonna, Piero and Casati, Emiliano and Trapp, Carsten and Mathijssen, Tiemo and Larjola, Jaakko and Turunen-Saaresti, Teemu and Uusitalo, Antti},
  journal={Journal of Engineering for Gas Turbines and Power},
  volume={137},
  number={10},
  year={2015},
  publisher={American Society of Mechanical Engineers Digital Collection}
}
@article{lecompte2015review,
  title={Review of organic Rankine cycle (ORC) architectures for waste heat recovery},
  author={Lecompte, Steven and Huisseune, Henk and Van Den Broek, Martijn and Vanslambrouck, Bruno and De Paepe, Michel},
  journal={Renewable and sustainable energy reviews},
  volume={47},
  pages={448--461},
  year={2015},
  publisher={Elsevier}
}
@article{xu2019comprehensive,
  title={A comprehensive review of organic rankine cycle waste heat recovery systems in heavy-duty diesel engine applications},
  author={Xu, Bin and Rathod, Dhruvang and Yebi, Adamu and Filipi, Zoran and Onori, Simona and Hoffman, Mark},
  journal={Renewable and Sustainable Energy Reviews},
  volume={107},
  pages={145--170},
  year={2019},
  publisher={Elsevier}
}
@article{park2018review,
  title={Review of Organic Rankine Cycle experimental data trends},
  author={Park, Byung-Sik and Usman, Muhammad and Imran, Muhammad and Pesyridis, Apostolos},
  journal={Energy conversion and management},
  volume={173},
  pages={679--691},
  year={2018},
  publisher={Elsevier}
}
@article{rahbar2017review,
  title={Review of organic Rankine cycle for small-scale applications},
  author={Rahbar, Kiyarash and Mahmoud, Saad and Al-Dadah, Raya K and Moazami, Nima and Mirhadizadeh, Seyed A},
  journal={Energy conversion and management},
  volume={134},
  pages={135--155},
  year={2017},
  publisher={Elsevier}
}
@article{imran2018recent,
  title={Recent research trends in organic Rankine cycle technology: A bibliometric approach},
  author={Imran, Muhammad and Haglind, Fredrik and Asim, Muhammad and Alvi, Jahan Zeb},
  journal={Renewable and Sustainable Energy Reviews},
  volume={81},
  pages={552--562},
  year={2018},
  publisher={Elsevier}
}
@article{lu2017working,
  title={Working fluid selection for a small-scale organic Rankine cycle recovering engine waste heat},
  author={Lu, Yiji and Roskilly, Anthony Paul and Jiang, Long and Yu, Xiaoli},
  journal={Energy Procedia},
  volume={123},
  pages={346--352},
  year={2017},
  publisher={Elsevier}
}
@article{bianchi2017experimental,
  title={Experimental performance of a micro-ORC energy system for low grade heat recovery},
  author={Bianchi, M and Branchini, L and De Pascale, A and Orlandini, V and Ottaviano, S and Pinelli, M and Spina, PR and Suman, A},
  journal={Energy Procedia},
  volume={129},
  pages={899--906},
  year={2017},
  publisher={Elsevier}
}
@article{pereira2018orc,
  title={ORC based micro-cogeneration systems for residential application--A state of the art review and current challenges},
  author={Pereira, Jo{\~a}o S and Ribeiro, Jos{\'e} B and Mendes, Ricardo and Vaz, Gilberto C and Andr{\'e}, Jorge C},
  journal={Renewable and Sustainable Energy Reviews},
  volume={92},
  pages={728--743},
  year={2018},
  publisher={Elsevier}
}
@article{yang2017experimental,
  title={Experimental investigation on a 3 kW organic Rankine cycle for low-grade waste heat under different operation parameters},
  author={Yang, Shih-Cheng and Hung, Tzu-Chen and Feng, Yong-Qiang and Wu, Chia-Jung and Wong, Kin-Wah and Huang, Kuo-Chen},
  journal={Applied Thermal Engineering},
  volume={113},
  pages={756--764},
  year={2017},
  publisher={Elsevier}
}
@article{li2017experimental,
  title={Experimental investigations into power generation with low grade waste heat and R245fa Organic Rankine Cycles (ORCs)},
  author={Li, L and Ge, YT and Luo, X and Tassou, SA},
  journal={Applied Thermal Engineering},
  volume={115},
  pages={815--824},
  year={2017},
  publisher={Elsevier}
}
@article{muhammad2015design,
  title={Design and experimental investigation of a 1 kW organic Rankine cycle system using R245fa as working fluid for low-grade waste heat recovery from steam},
  author={Muhammad, Usman and Imran, Muhammad and Lee, Dong Hyun and Park, Byung Sik},
  journal={Energy Conversion and Management},
  volume={103},
  pages={1089--1100},
  year={2015},
  publisher={Elsevier}
}
@article{bao2013review,
  title={A review of working fluid and expander selections for organic Rankine cycle},
  author={Bao, Junjiang and Zhao, Li},
  journal={Renewable and sustainable energy reviews},
  volume={24},
  pages={325--342},
  year={2013},
  publisher={Elsevier}
}
@article{feng2015sensitivity,
  title={Sensitivity analysis and thermoeconomic comparison of ORCs (organic Rankine cycles) for low temperature waste heat recovery},
  author={Feng, Yongqiang and Zhang, Yaning and Li, Bingxi and Yang, Jinfu and Shi, Yang},
  journal={Energy},
  volume={82},
  pages={664--677},
  year={2015},
  publisher={Elsevier}
}
@article{chaiyat2015assessment,
  title={Assessment alternative energy for organic Rankine cycle power plant in Thailand},
  author={Chaiyat, Nattaporn},
  journal={International Journal of Engineering and Technology (IJET)},
  volume={7},
  pages={317--326},
  year={2015}
}
@article{gyorke2018novel,
  title={Novel classification of pure working fluids for Organic Rankine Cycle},
  author={Gy{\"o}rke, G{\'a}bor and Deiters, Ulrich K and Groniewsky, Axel and Lassu, Imre and Imre, Attila R},
  journal={Energy},
  volume={145},
  pages={288--300},
  year={2018},
  publisher={Elsevier}
}
@article{han2020experimental,
  title={Experimental study and energy loss analysis of an R245fa organic Rankine cycle prototype system with a radial piston expander},
  author={Han, Yongqiang and Zhang, Yiming and Zuo, Teng and Chen, Ruolong and Xu, Yun},
  journal={Applied Thermal Engineering},
  volume={169},
  pages={114939},
  year={2020},
  publisher={Elsevier}
}
@article{de2020thermoeconomic,
  title={Thermoeconomic optimization of organic Rankine bottoming cycles for micro gas turbines},
  author={de Campos, Gustavo Bonolo and Bringhenti, Cleverson and Traverso, Alberto and Tomita, Jesuino Takachi},
  journal={Applied Thermal Engineering},
  volume={164},
  pages={114477},
  year={2020},
  publisher={Elsevier}
}
@article{mondejar2018review,
  title={A review of the use of organic Rankine cycle power systems for maritime applications},
  author={Mondejar, ME and Andreasen, JG and Pierobon, L and Larsen, U and Thern, M and Haglind, F},
  journal={Renewable and Sustainable Energy Reviews},
  volume={91},
  pages={126--151},
  year={2018},
  publisher={Elsevier}
}
@article{samadi2020exergoeconomic,
  title={Exergoeconomic analysis of zeotropic mixture on the new proposed organic Rankine cycle for energy production from geothermal resources},
  author={Samadi, Fereshteh and Kazemi, Neda},
  journal={Renewable Energy},
  volume={152},
  pages={1250--1265},
  year={2020},
  publisher={Elsevier}
}
@article{xu2019identification,
  title={Identification of key affecting parameters of zeotropic working fluid on subcritical organic Rankine cycle according limiting thermodynamic cycle},
  author={Xu, Weicong and Deng, Shuai and Zhao, Li and Zhao, Dongpeng and Chen, Ruihua},
  journal={Energy Conversion and Management},
  volume={197},
  pages={111884},
  year={2019},
  publisher={Elsevier}
}
@article{bianchi2019experimental,
  title={Experimental analysis of a micro-ORC driven by piston expander for low-grade heat recovery},
  author={Bianchi, M and Branchini, L and Casari, N and De Pascale, A and Melino, F and Ottaviano, S and Pinelli, M and Spina, PR and Suman, A},
  journal={Applied Thermal Engineering},
  volume={148},
  pages={1278--1291},
  year={2019},
  publisher={Elsevier}
}
@article{pantaleo2019thermoeconomic,
  title={Thermoeconomic optimisation of small-scale organic Rankine cycle systems based on screw vs. piston expander maps in waste heat recovery applications},
  author={Pantaleo, AM and Simpson, M and Rotolo, G and Distaso, E and Oyewunmi, OA and Sapin, P and De Palma, P and Markides, CN},
  journal={Energy Conversion and Management},
  volume={200},
  pages={112053},
  year={2019},
  publisher={Elsevier}
}
@article{li2016trapezoidal,
  title={A trapezoidal cycle with theoretical model based on organic Rankine cycle},
  author={Li, Xinguo},
  journal={International Journal of Energy Research},
  volume={40},
  number={12},
  pages={1624--1637},
  year={2016},
  publisher={Wiley Online Library}
}
@article{li2017thermodynamic,
  title={Thermodynamic relation between irreversibility of heat transfer and cycle performance based on trapezoidal model},
  author={Li, Xinguo and Nan, Laifu and Meng, Qingliang and Wang, Jingyi},
  journal={Energy Conversion and Management},
  volume={154},
  pages={354--364},
  year={2017},
  publisher={Elsevier}
}
@article{yang2019experimental,
  title={Experimental investigation of the impact of lubricant oil ratio on subcritical organic Rankine cycle for low-temperature waste heat recovery},
  author={Yang, Jingye and Yu, Binbin and Ye, Zhenhong and Shi, Junye and Chen, Jiangping},
  journal={Energy},
  volume={188},
  pages={116099},
  year={2019},
  publisher={Elsevier}
}
@article{mosaffa2018proposal,
  title={Proposal and thermoeconomic analysis of geothermal flash binary power plants utilizing different types of organic flash cycle},
  author={Mosaffa, AH and Zareei, A},
  journal={Geothermics},
  volume={72},
  pages={47--63},
  year={2018},
  publisher={Elsevier}
}
@article{lee2016comparative,
  title={Comparative analysis of thermodynamic performance and optimization of organic flash cycle (OFC) and organic Rankine cycle (ORC)},
  author={Lee, Ho Yong and Park, Sang Hee and Kim, Kyoung Hoon},
  journal={Applied Thermal Engineering},
  volume={100},
  pages={680--690},
  year={2016},
  publisher={Elsevier}
}
@article{nag1998exergy,
  title={Exergy analysis of the Kalina cycle},
  author={Nag, PK and Gupta, AVSSKS},
  journal={Applied Thermal Engineering},
  volume={18},
  number={6},
  pages={427--439},
  year={1998},
  publisher={Elsevier}
}
@article{long2019exergy,
  title={Exergy analysis and performance optimization of Kalina cycle system 11 (KCS-11) for low grade waste heat recovery},
  author={Long, Rui and Kuang, Zhengfei and Li, Baode and Liu, Zhichun and Liu, Wei},
  journal={Energy Procedia},
  volume={158},
  pages={1354--1359},
  year={2019},
  publisher={Elsevier}
}
@misc{ansys2017ansys,
  title={ANSYS FLUENT User Guide, 18.},
  author={ANSYS},
  year={2017},
  publisher={ANSYS Canonsburg, PA}
}
@article{tashtoush2019comprehensive,
  title={A comprehensive review of ejector design, performance, and applications},
  author={Tashtoush, Bourhan M and Moh'd A, Al-Nimr and Khasawneh, Mohammad A},
  journal={Applied Energy},
  volume={240},
  pages={138--172},
  year={2019},
  publisher={Elsevier}
}
@article{ramesh2018experimental,
  title={Experimental and numerical investigations on the effect of suction chamber angle and nozzle exit position of a steam-jet ejector},
  author={Ramesh, AS and Sekhar, S Joseph},
  journal={Energy},
  volume={164},
  pages={1097--1113},
  year={2018},
  publisher={Elsevier}
}
@article{saleh2016performance,
  title={Performance analysis and working fluid selection for ejector refrigeration cycle},
  author={Saleh, B},
  journal={Applied Thermal Engineering},
  volume={107},
  pages={114--124},
  year={2016},
  publisher={Elsevier}
}
@article{riaz2020thermal,
  title={Thermal modelling and optimization of low-grade waste heat driven ejector refrigeration system incorporating a direct ejector model},
  author={Riaz, Fahid and Lee, Poh Seng and Chou, Siaw Kiang},
  journal={Applied Thermal Engineering},
  volume={167},
  pages={114710},
  year={2020},
  publisher={Elsevier}
}
@article{zhang2017numerical,
  title={Numerical investigation on the effect of nozzle position for design of high performance ejector},
  author={Zhang, Kun and Zhu, Xiaojing and Ren, Xiaotong and Qiu, Qinggang and Shen, Shengqiang},
  journal={Applied Thermal Engineering},
  volume={126},
  pages={594--601},
  year={2017},
  publisher={Elsevier}
}
@article{thongtip2017experimental,
  title={An experimental analysis of the impact of primary nozzle geometries on the ejector performance used in R141b ejector refrigerator},
  author={Thongtip, Tongchana and Aphornratana, Satha},
  journal={Applied Thermal Engineering},
  volume={110},
  pages={89--101},
  year={2017},
  publisher={Elsevier}
}
@article{ruangtrakoon2013cfd,
  title={CFD simulation on the effect of primary nozzle geometries for a steam ejector in refrigeration cycle},
  author={Ruangtrakoon, Natthawut and Thongtip, Tongchana and Aphornratana, Satha and Sriveerakul, Thanarath},
  journal={International Journal of Thermal Sciences},
  volume={63},
  pages={133--145},
  year={2013},
  publisher={Elsevier}
}
@article{wang2018auto,
  title={Auto-tuning ejector for refrigeration system},
  author={Wang, Lei and Liu, Jiapeng and Zou, Tao and Du, Jingwei and Jia, Fengze},
  journal={Energy},
  volume={161},
  pages={536--543},
  year={2018},
  publisher={Elsevier}
}
@article{milazzo2014theoretical,
  title={Theoretical and experimental activity on ejector refrigeration},
  author={Milazzo, Adriano and Rocchetti, Andrea and Eames, Ian W},
  journal={Energy Procedia},
  volume={45},
  pages={1245--1254},
  year={2014},
  publisher={Elsevier}
}
@article{zhu2009numerical,
  title={Numerical investigation of geometry parameters for design of high performance ejectors},
  author={Zhu, Yinhai and Cai, Wenjian and Wen, Changyun and Li, Yanzhong},
  journal={Applied Thermal Engineering},
  volume={29},
  number={5-6},
  pages={898--905},
  year={2009},
  publisher={Elsevier}
}
@article{keenan1950investigation,
  title={An investigation of ejector design by analysis and experiment},
  author={Keenan, Joseph Henry},
  journal={Journal of Applied Mechanics},
  volume={17},
  pages={299},
  year={1950}
}
@article{eames1999experimental,
  title={An experimental investigation of steam ejectors for applications in jet-pump refrigerators powered by low-grade heat},
  author={Eames, IW and Wu, S and Worall, M and Aphornratana, Satha},
  journal={Proceedings of the Institution of Mechanical Engineers, Part A: Journal of Power and Energy},
  volume={213},
  number={5},
  pages={351--361},
  year={1999},
  publisher={SAGE Publications Sage UK: London, England}
}
@article{dong2017experimental,
  title={An experimental investigation of steam ejector refrigeration system powered by extra low temperature heat source},
  author={Dong, Jingming and Chen, Xuli and Wang, Weining and Kang, Chunlu and Ma, Hongbin},
  journal={International Communications in Heat and Mass Transfer},
  volume={81},
  pages={250--256},
  year={2017},
  publisher={Elsevier}
}
@article{dong2012experimental,
  title={An experimental investigation of steam ejector refrigeration systems},
  author={Dong, Jingming and Pounds, DA and Cheng, P and Ma, HB},
  journal={Journal of Thermal Science and Engineering Applications},
  volume={4},
  number={3},
  year={2012},
  publisher={American Society of Mechanical Engineers Digital Collection}
}
@article{fu2018numerical,
  title={Numerical study for the influences of primary steam nozzle distance and mixing chamber throat diameter on steam ejector performance},
  author={Fu, Weina and Liu, Zhongliang and Li, Yanxia and Wu, Hongqiang and Tang, Yongzhi},
  journal={International Journal of Thermal Sciences},
  volume={132},
  pages={509--516},
  year={2018},
  publisher={Elsevier}
}
@article{kumar2019effect,
  title={Effect of nozzle exit position (NXP) on variable area mixing ejector},
  author={Kumar, V and Subbarao, PMV and Singhal, G},
  journal={SN Applied Sciences},
  volume={1},
  number={11},
  pages={1473},
  year={2019},
  publisher={Springer}
}
@article{wang2017numerical,
  title={Numerical study on optimization of ejector primary nozzle geometries},
  author={Wang, Lei and Yan, Jia and Wang, Chen and Li, Xianbi},
  journal={International Journal of Refrigeration},
  volume={76},
  pages={219--229},
  year={2017},
  publisher={Elsevier}
}
@article{meyer2009steam,
  title={Steam jet ejector cooling powered by waste or solar heat},
  author={Meyer, AJ and Harms, TM and Dobson, RT},
  journal={Renewable Energy},
  volume={34},
  number={1},
  pages={297--306},
  year={2009},
  publisher={Elsevier}
}
@article{yan2012geometry,
  title={Geometry parameters effect for air-cooled ejector cooling systems with R134a refrigerant},
  author={Yan, Jia and Cai, Wenjian and Li, Yanzhong},
  journal={Renewable energy},
  volume={46},
  pages={155--163},
  year={2012},
  publisher={Elsevier}
}
@article{omidvar2016entropy,
  title={Entropy analysis of a solar-driven variable geometry ejector using computational fluid dynamics},
  author={Omidvar, Amir and Ghazikhani, Mohsen and Razavi, Sayyed Mohammad Reza Modarres},
  journal={Energy conversion and management},
  volume={119},
  pages={435--443},
  year={2016},
  publisher={Elsevier}
}
@article{eames2007results,
  title={Results of an experimental study of an advanced jet-pump refrigerator operating with R245fa},
  author={Eames, Ian W and Ablwaifa, Ali E and Petrenko, Volodymyr},
  journal={Applied Thermal Engineering},
  volume={27},
  number={17-18},
  pages={2833--2840},
  year={2007},
  publisher={Elsevier}
}
@article{hakkaki2015computational,
  title={A computational methodology for ejector design and performance maximisation},
  author={Hakkaki-Fard, Ali and Aidoun, Zine and Ouzzane, Mohamed},
  journal={Energy Conversion and Management},
  volume={105},
  pages={1291--1302},
  year={2015},
  publisher={Elsevier}
}
@article{varga2009influence,
  title={Influence of geometrical factors on steam ejector performance--a numerical assessment},
  author={Varga, Szabolcs and Oliveira, Armando C and Diaconu, Bogdan},
  journal={International journal of refrigeration},
  volume={32},
  number={7},
  pages={1694--1701},
  year={2009},
  publisher={Elsevier}
}
@article{ma2010experimental,
  title={Experimental investigation of a novel steam ejector refrigerator suitable for solar energy applications},
  author={Ma, Xiaoli and Zhang, Wei and Omer, SA and Riffat, SB},
  journal={Applied Thermal Engineering},
  volume={30},
  number={11-12},
  pages={1320--1325},
  year={2010},
  publisher={Elsevier}
}
@article{jouhara2018waste,
  title={Waste heat recovery technologies and applications},
  author={Jouhara, Hussam and Khordehgah, Navid and Almahmoud, Sulaiman and Delpech, Bertrand and Chauhan, Amisha and Tassou, Savvas A},
  journal={Thermal Science and Engineering Progress},
  volume={6},
  pages={268--289},
  year={2018},
  publisher={Elsevier}
}
@misc{Turbodenturboexpander,
  title={Turboden},
  author={Turboden, Mitsubishi Heavy Industries Group},
  year={2020},
  howpublished="\url{https://www.turboden.com}"
}
@misc{Ormattech,
  title={Ormat},
  author={Ormat},
  year={2019},
  howpublished="\url{https://www.ormat.com/en/home/a/main/}"
}
@misc{CryoStar,
  title={Cryo Star},
  author={Cryo Star},
  year={2020},
  howpublished="\url{https://cryostar.com}"
}
@misc{BakerHughesGE,
  title={BHGEs Expanders Portfolio},
  author={Baker Hughes Company},
  year={2020},
  howpublished="\url{https://www.bhge.com/upstream/production-optimization/turbomachinery/expanders\%0D}"
}
@misc{Triogen,
  title={Power form Heat},
  author={Triogen},
  year={2020},
  howpublished="\url{http://www.triogen.nl}"
}
@misc{Elliott,
  title={Power Recovery Expanders},
  author={Elliott Group Ebara Corporation},
  year={2014},
  howpublished="\url{https://www.elliott-turbo.com/Expanders}"
}
@misc{LAturbine,
  title={Power Recovery Expanders},
  author={L.A.Turbine},
  year={2020},
  howpublished="\url{https://laturbine.com}"
}
@misc{AtlasCopcoturboexpander,
  title={Driving Expander Technology},
  author={Atlas Copco},
  year={2020},
  howpublished="\url{https://www.atlascopco.com/content/dam/atlas-copco/compressor-technique/gas-and-process/documents/driving-expander-technology.pdf}"
}
@misc{FreePowerUk,
  title={FreePower},
  author={FreePower},
  year={2012},
  howpublished="\url{http://www.freepower.co.uk}"
}
@article{shen2018study,
  title={A study of clearance height on the performance of single-screw expanders in small-scale organic Rankine cycles},
  author={Shen, Lili and Wang, Wei and Wu, Yuting and Lei, Biao and Zhi, Ruiping and Lu, Yuanwei and Wang, Jingfu and Ma, Chongfang},
  journal={Energy},
  volume={153},
  pages={45--55},
  year={2018},
  publisher={Elsevier}
}
@article{papes2015new,
  title={New insights in twin screw expander performance for small scale ORC systems from 3D CFD analysis},
  author={Papes, Iva and Degroote, Joris and Vierendeels, Jan},
  journal={Applied Thermal Engineering},
  volume={91},
  pages={535--546},
  year={2015},
  publisher={Elsevier}
}
@article{antonelli2014operating,
  title={Operating maps of a rotary engine used as an expander for micro-generation with various working fluids},
  author={Antonelli, Marco and Baccioli, Andrea and Francesconi, Marco and Desideri, Umberto and Martorano, Luigi},
  journal={Applied Energy},
  volume={113},
  pages={742--750},
  year={2014},
  publisher={Elsevier}
}
@article{ali2014experimental,
  title={Experimental investigation of a scroll expander for an organic Rankine cycle},
  author={Ali Tarique, Md and Dincer, I and Zamfirescu, C},
  journal={International journal of energy research},
  volume={38},
  number={14},
  pages={1825--1834},
  year={2014},
  publisher={Wiley Online Library}
}
@article{cerri2014expander,
  title={Expander models for a generic 300 MW f class gas turbine for igcc},
  author={Cerri, Giovanni and Chennaoui, Leila and Giovannelli, Ambra and Mazzoni, Stefano},
  journal={Power [MW]},
  volume={292},
  pages={294},
  year={2014}
}
@inproceedings{aaraj2014simulation,
  title={Simulation of a two-phase flow through a DeLaval Nozzle},
  author={Aaraj, Youssef and Mortada, Sorina and Clodic, Denis and Nemer, Maroun},
  year={2014}
}
@article{antonelli2014experimental,
  title={Experimental and numerical analysis of the valve timing effects on the performances of a small volumetric rotary expansion device},
  author={Antonelli, Marco and Baccioli, Andrea and Francesconi, Marco and Martorano, Luigi},
  journal={Energy Procedia},
  volume={45},
  pages={1077--1086},
  year={2014},
  publisher={Elsevier}
}
@article{verma2015cfd,
  title={CFD analysis of turbo expander for cryogenic refrigeration and liquefaction cycles},
  author={Verma, Rahul and Sam, Ashish Alex and Ghosh, Parthasarathi},
  journal={Physics Procedia},
  volume={67},
  pages={373--378},
  year={2015},
  publisher={Elsevier}
}
@article{arabkoohsar2015new,
  title={A new design for natural gas pressure reduction points by employing a turbo expander and a solar heating set},
  author={Arabkoohsar, Ahmad and Farzaneh-Gord, Mahhmod and Deymi-Dashtebayaz, Mahdi and Machado, Luiz and Koury, RNN},
  journal={Renewable energy},
  volume={81},
  pages={239--250},
  year={2015},
  publisher={Elsevier}
}
@article{fiaschi2015design,
  title={Design and performance prediction of radial ORC turboexpanders},
  author={Fiaschi, Daniele and Manfrida, Giampaolo and Maraschiello, Francesco},
  journal={Applied Energy},
  volume={138},
  pages={517--532},
  year={2015},
  publisher={Elsevier}
}
@article{kim2015design,
  title={Design and testing of an algebraic scroll expander for power generation from a waste heat recovery system},
  author={Kim, Hyun-Jin and Moon, Je-Hyun and Kim, Yong-Hee},
  journal={Proceedings of the Institution of Mechanical Engineers, Part A: Journal of Power and Energy},
  volume={229},
  number={8},
  pages={1019--1031},
  year={2015},
  publisher={SAGE Publications Sage UK: London, England}
}
@inproceedings{sauret20143d,
  title={3D CFD simulations of a candidate R143a radial-inflow turbine for geothermal power applications},
  author={Sauret, Emilie and Gu, Yuantong},
  booktitle={ASME 2014 Power Conference},
  year={2014},
  organization={American Society of Mechanical Engineers Digital Collection}
}
@article{wei2015unsteady,
  title={Unsteady flow in the suction process of a scroll expander for an ORC waste heat recovery system},
  author={Wei, Mingshan and Song, Panpan and Zhao, Ben and Shi, Lei and Wang, Zhixing and Ma, Chaochen},
  journal={Applied Thermal Engineering},
  volume={78},
  pages={460--470},
  year={2015},
  publisher={Elsevier}
}
@inproceedings{arifin2015design,
  title={Design of Radial Turbo-Expanders for Small Organic Rankine Cycle System},
  author={Arifin, M and Pasek, AD},
  booktitle={IOP Conference Series: Materials Science and Engineering},
  volume={88},
  number={1},
  pages={012037},
  year={2015},
  organization={IOP Publishing}
}
@inproceedings{cameretti2015employing,
  title={Employing micro-turbine components in integrated solar-MGT-ORC power plants},
  author={Cameretti, Maria Cristina and Ferrara, Francesco and Gimelli, Alfredo and Tuccillo, Raffaele},
  booktitle={ASME Turbo Expo 2015: Turbine Technical Conference and Exposition},
  year={2015},
  organization={American Society of Mechanical Engineers Digital Collection}
}
@article{rahbar2015preliminary,
  title={Preliminary mean-line design and optimization of a radial turbo-expander for waste heat recovery using organic Rankine cycle},
  author={Rahbar, K and Mahmoud, S and Al-Dadah, RK and Moazami, Nima and Ennil, AS Bahr},
  journal={Energy Procedia},
  volume={75},
  pages={860--866},
  year={2015},
  publisher={Elsevier}
}
@inproceedings{papes2015numerical,
  title={Numerical simulation of a twin screw expander for performance prediction},
  author={Papes, Iva and Degroote, Joris and Vierendeels, Jan},
  booktitle={IOP Conference Series: Materials Science and Engineering},
  volume={90},
  number={1},
  pages={012059},
  year={2015},
  organization={IOP Publishing}
}
@inproceedings{agahi2015evaluation,
  title={Evaluation of Inflow Radial Turbo Expander Field Performance for a 25 MW Geothermal Organic Rankine Cycle Train},
  author={Agahi, Reza and Mohr, Felix},
  booktitle={39th Geothermal Resources Council Annual Meeting e Geothermal: Always On, GRC},
  year={2015}
}
@article{song2015swirling,
  title={Swirling and cavitating flow suppression in a cryogenic liquid turbine expander through geometric optimization},
  author={Song, Peng and Sun, Jinju and Wang, Ke},
  journal={Proceedings of the Institution of Mechanical Engineers, Part A: Journal of Power and Energy},
  volume={229},
  number={6},
  pages={628--646},
  year={2015},
  publisher={SAGE Publications Sage UK: London, England}
}
@inproceedings{gusev2015analysis,
  title={Analysis and Comparison Between Fixed and Variable Volume Ratio Expander for Micro-Scale ORC},
  author={Gusev, Sergei and van den Broek, Martijn},
  booktitle={ASME Power Conference},
  volume={56604},
  pages={V001T09A004},
  year={2015},
  organization={American Society of Mechanical Engineers}
}
@inproceedings{weiss2015volumetric,
  title={Volumetric expander versus turbine--which is the better choice for small ORC plants},
  author={Wei{\ss}, Andreas P},
  booktitle={3rd International Seminar on ORC Power Systems, Oktober},
  pages={12--14},
  year={2015}
}
@inproceedings{yu2015applications,
  title={Applications of the Screw Expander in Geothermal Power Generation in China},
  author={Yu, YF and Hu, Da and Wu, FZ},
  booktitle={Proceedings World Geothermal Congress},
  year={2015}
}
@article{wu2015experimental,
  title={Experimental testing and numerical simulation of scroll expander in a small scale organic Rankine cycle system},
  author={Wu, Zhu and Pan, Deng and Gao, Naiping and Zhu, Tong and Xie, Feibo},
  journal={Applied Thermal Engineering},
  volume={87},
  pages={529--537},
  year={2015},
  publisher={Elsevier}
}
@article{rahbar2015parametric,
  title={Parametric analysis and optimization of a small-scale radial turbine for Organic Rankine Cycle},
  author={Rahbar, Kiyarash and Mahmoud, Saad and Al-Dadah, Raya K and Moazami, Nima},
  journal={Energy},
  volume={83},
  pages={696--711},
  year={2015},
  publisher={Elsevier}
}
@incollection{khanmohammadi2015design,
  title={Design and optimization of an integrated system to recover energy from a gas pressure reduction station},
  author={Khanmohammadi, Shoaib and Ahmadi, Pouria and Atashkari, Kazem and Kamali, Ramin Kouhi},
  booktitle={Progress in Clean Energy, Volume 1},
  pages={89--107},
  year={2015},
  publisher={Springer}
}
@article{zhang2015performance,
  title={Performance study on single-screw expander in organic Rankine cycle system},
  author={ZHANG, Yeqiang and WU, Yuting and XIA, Guodong and MA, Chongfang and JI, Weining and LIU, Shanwei and WANG, Jingfu and GUO, Hang},
  journal={Journal of Mechanical Engineering},
  volume={51},
  number={16},
  pages={156},
  year={2015}
}
@article{xia2015experimental,
  title={Experimental study on the performance of single-screw expander with different inlet vapor dryness},
  author={Xia, Guo-Dong and Zhang, Ye-Qiang and Wu, Yu-Ting and Ma, Chong-Fang and Ji, Wei-Ning and Liu, Shan-Wei and Guo, Hang},
  journal={Applied Thermal Engineering},
  volume={87},
  pages={34--40},
  year={2015},
  publisher={Elsevier}
}
@article{cho2015experiment,
  title={Experiment and cycle analysis on a partially admitted axial-type turbine used in the organic Rankine cycle},
  author={Cho, Soo-Yong and Cho, Chong-Hyun and Choi, Sang-Kyu},
  journal={Energy},
  volume={90},
  pages={643--651},
  year={2015},
  publisher={Elsevier}
}
@article{oralli2015modeling,
  title={Modeling and analysis of scroll compressor conversion into an expander for Rankine cycles},
  author={Oralli, E and Dincer, I and Zamfirescu, C},
  journal={International journal of green energy},
  volume={12},
  number={7},
  pages={672--684},
  year={2015},
  publisher={Taylor \& Francis}
}
@article{li2015experimental,
  title={Experimental comparison of R245fa and R245fa/R601a for organic Rankine cycle using scroll expander},
  author={Li, Tailu and Zhu, Jialing and Fu, Wencheng and Hu, Kaiyong},
  journal={International Journal of Energy Research},
  volume={39},
  number={2},
  pages={202--214},
  year={2015},
  publisher={Wiley Online Library}
}
@article{yoo2015study,
  title={A Study on the Operational Optimization of Turbo-Expander Pressure Reduction System to the Natural Gas Flow Rates},
  author={Yoo, Han Bit and Kim, Hyo},
  journal={Journal of the Korean Institute of Gas},
  volume={19},
  number={6},
  pages={72--79},
  year={2015},
  publisher={The Korean Institute of GAS}
}
@inproceedings{white2015one,
  title={The one-dimensional meanline design of radial turbines for small scale low temperature organic Rankine cycles},
  author={White, M and Sayma, AI},
  booktitle={ASME Turbo Expo 2015: Turbine Technical Conference and Exposition},
  year={2015},
  organization={American Society of Mechanical Engineers Digital Collection}
}
@article{guangbin2015theoretical,
  title={Theoretical and experimental research on scroll expander used in small-scale organic Rankine cycle system},
  author={Guangbin, Liu and Yuanyang, Zhao and Qichao, Yang and Le, Wang and Bin, Tang and Liansheng, Li},
  journal={Proceedings of the Institution of Mechanical Engineers, Part E: Journal of Process Mechanical Engineering},
  volume={229},
  number={1},
  pages={25--35},
  year={2015},
  publisher={SAGE Publications Sage UK: London, England}
}
@article{li2016preliminary,
  title={Preliminary development of a free piston expander--linear generator for small-scale organic Rankine cycle (ORC) waste heat recovery system},
  author={Li, Gaosheng and Zhang, Hongguang and Yang, Fubin and Song, Songsong and Chang, Ying and Yu, Fei and Wang, Jingfu and Yao, Baofeng},
  journal={Energies},
  volume={9},
  number={4},
  pages={300},
  year={2016},
  publisher={Multidisciplinary Digital Publishing Institute}
}
@article{czapla2016performance,
  title={Performance Testing of Unitary Split-System Heat Pump with an Energy Recovery Expansion Device},
  author={Czapla, Nicholas and Inamdar, Harshad and Salts, Nicholas and Groll, Eckhard},
  year={2016}
}
@article{chang2016integrated,
  title={Integrated design of cryogenic refrigerator and liquid-nitrogen circulation loop for HTS cable},
  author={Chang, Ho-Myung and Ryu, Ki Nam and Yang, Hyung Suk},
  journal={Cryogenics},
  volume={80},
  pages={183--192},
  year={2016},
  publisher={Elsevier}
}
@inproceedings{song2016numerical,
  title={Numerical study of cavitating flow in two-phase LNG expander},
  author={Song, Peng and Sun, Jinju and Li, Kaiqiang and Wang, Ke and Huo, Changjiang},
  booktitle={ASME Turbo Expo 2016: turbomachinery technical conference and exposition},
  year={2016},
  organization={American Society of Mechanical Engineers Digital Collection}
}
@article{fiaschi2016design,
  title={Design of micro radial turboexpanders for ORC power cycles: From 0D to 3D},
  author={Fiaschi, Daniele and Innocenti, Gianmaria and Manfrida, Giampaolo and Maraschiello, Francesco},
  journal={Applied Thermal Engineering},
  volume={99},
  pages={402--410},
  year={2016},
  publisher={Elsevier}
}
@article{yang2016study,
  title={Study on the coupling performance of a turboexpander compressor applied in cryogenic reverse Brayton air refrigerator},
  author={Yang, Shanju and Chen, Shuangtao and Chen, Xingya and Zhang, Xingqun and Hou, Yu},
  journal={Energy conversion and management},
  volume={122},
  pages={386--399},
  year={2016},
  publisher={Elsevier}
}
@article{zhang2016study,
  title={Study of a single-valve reciprocating expander},
  author={Zhang, Xinjing and Xu, Yujie and Xu, Jian and Xue, Haobai and Chen, Haisheng},
  journal={Journal of the Energy Institute},
  volume={89},
  number={3},
  pages={400--413},
  year={2016},
  publisher={Elsevier}
}
@article{kolasinski2016experimental,
  title={Experimental and numerical analyses on the rotary vane expander operating conditions in a micro organic Rankine cycle system},
  author={Kolasi{\'n}ski, Piotr and B{\l}asiak, Przemys{\l}aw and Rak, J{\'o}zef},
  journal={Energies},
  volume={9},
  number={8},
  pages={606},
  year={2016},
  publisher={Multidisciplinary Digital Publishing Institute}
}
@article{bouvier2016experimental,
  title={Experimental study of a micro combined heat and power system with a solar parabolic trough collector coupled to a steam Rankine cycle expander},
  author={Bouvier, Jean-Louis and Michaux, Ghislain and Salagnac, Patrick and Kientz, Thiebaut and Rochier, Dominique},
  journal={Solar Energy},
  volume={134},
  pages={180--192},
  year={2016},
  publisher={Elsevier}
}
@article{rahbar2016mean,
  title={Mean-line modeling and CFD analysis of a miniature radial turbine for distributed power generation systems},
  author={Rahbar, Kiyarash and Mahmoud, Saad and Al-Dadah, Raya K},
  journal={International Journal of Low-Carbon Technologies},
  volume={11},
  number={2},
  pages={157--168},
  year={2016},
  publisher={Oxford University Press}
}
@incollection{lemort2017positive,
  title={Positive displacement expanders for Organic Rankine Cycle systems},
  author={Lemort, Vincent and Legros, Arnaud},
  booktitle={Organic Rankine Cycle (ORC) Power Systems},
  pages={361--396},
  year={2017},
  publisher={Elsevier}
}
@article{karvountzis2016variable,
  title={Variable geometry turbine design for off-highway vehicle organic Rankine cycle waste heat recovery},
  author={Karvountzis-Kontakiotis, A and Alshammari, F and Pesiridis, A and Franchetti, B and Pesmazoglou, I and Tocci, L},
  year={2016}
}
@inproceedings{wang2016influence,
  title={Influence of impeller fairing cone geometry on cavitating flow behavior in a cryogenic liquid turbine expander},
  author={Wang, Ke and Sun, Jinju and Song, Peng and Huo, Changjiang},
  booktitle={ASME Turbo Expo 2016: Turbomachinery technical conference and exposition},
  year={2016},
  organization={American Society of Mechanical Engineers Digital Collection}
}
@article{jung2016meanline,
  title={Meanline design of a 250 kW radial inflow turbine stage using R245fa working fluid and waste heat from a refinery process},
  author={Jung, Hyung-Chul and Krumdieck, Susan},
  journal={Proceedings of the Institution of Mechanical Engineers, Part A: Journal of Power and Energy},
  volume={230},
  number={4},
  pages={402--414},
  year={2016},
  publisher={SAGE Publications Sage UK: London, England}
}
@article{da2016predicting,
  title={Predicting the optimum design of single stage axial expanders in ORC systems: Is there a single efficiency map for different working fluids?},
  author={Da Lio, Luca and Manente, Giovanni and Lazzaretto, Andrea},
  journal={Applied energy},
  volume={167},
  pages={44--58},
  year={2016},
  publisher={Elsevier}
}
@article{sun2016numerical,
  title={Numerical study on the spontaneous condensation flow in an air cryogenic turbo-expander using equilibrium and non-equilibrium models},
  author={Sun, Wan and Niu, Lu and Chen, Liang and Chen, Shuangtao and Zhang, Xingqun and Hou, Yu},
  journal={Cryogenics},
  volume={73},
  pages={42--52},
  year={2016},
  publisher={Elsevier}
}
@article{suman2016different,
  title={Different numerical approaches for the analysis of a single screw expander},
  author={Suman, Alessio and Ziviani, Davide and Gabrielloni, Jacopo and Pinelli, Michele and De Paepe, Michel and Van Den Broek, Martijn and others},
  journal={Energy Procedia},
  volume={101},
  pages={750--757},
  year={2016},
  publisher={Elsevier}
}
@article{sadiq2017cfd,
  title={CFD simulations of compressed air two stage rotary Wankel expander--Parametric analysis},
  author={Sadiq, Ghada A and Tozer, Gavin and Al-Dadah, Raya and Mahmoud, Saad},
  journal={Energy conversion and management},
  volume={142},
  pages={42--52},
  year={2017},
  publisher={Elsevier}
}
@inproceedings{bo2017experimental,
  title={Experimental Investigation on the Performance of the Organic Working Fluid Scroll Expander Under the Variable Conditions},
  author={Bo, Zemin and Wang, Yuping and Sang, Zhenkun and Lv, Xiaojing and Weng, Yiwu},
  booktitle={ASME 2017 Power Conference Joint With ICOPE-17 collocated with the ASME 2017 11th International Conference on Energy Sustainability, the ASME 2017 15th International Conference on Fuel Cell Science, Engineering and Technology, and the ASME 2017 Nuclear Forum},
  year={2017},
  organization={American Society of Mechanical Engineers Digital Collection}
}
@article{chen2017effect,
  title={Effect of impeller blade profile on the cryogenic two-phase turbo-expander performance},
  author={Chen, Shuangtao and Sun, Wan and Niu, Lu and Chen, Liang and Hou, Yu},
  journal={Applied Thermal Engineering},
  volume={126},
  pages={884--891},
  year={2017},
  publisher={Elsevier}
}
@article{khalil2017investigate,
  title={Investigate a hybrid open-Rankine cycle small-scale axial nitrogen expander by a camber line control point parameterization optimization technique},
  author={Khalil, Khalil M and Mahmoud, Saad and Al-Dadah, RK and Ennil, Ali Bahr},
  journal={Applied Thermal Engineering},
  volume={127},
  pages={823--836},
  year={2017},
  publisher={Elsevier}
}
@article{li2017numerical,
  title={Numerical investigation of off-design conditions for an axial-turbo-expander in a transcritical organic Rankine cycle (TRC) system},
  author={Li, Yi-Chen and Hsieh, Jui-Ching and Chang, Yun-Yuan and Lee, Yuh-Ren},
  journal={Energy Procedia},
  volume={129},
  pages={272--276},
  year={2017},
  publisher={Elsevier}
}
@article{kolasinski2017experimental,
  title={Experimental investigation on multi-vane expander operating conditions in domestic CHP ORC system},
  author={Kolasi{\'n}ski, Piotr and B{\l}asiak, Przemys{\l}aw and Rak, J{\'o}zef},
  journal={Energy Procedia},
  volume={129},
  pages={323--330},
  year={2017},
  publisher={Elsevier}
}
@article{dumont2017experimental,
  title={Experimental investigation of four volumetric expanders},
  author={Dumont, Olivier and Dickes, R{\'e}mi and Lemort, Vincent},
  journal={Energy Procedia},
  volume={129},
  pages={859--866},
  year={2017},
  publisher={Elsevier}
}
@article{ma2017dynamic,
  title={Dynamic modelling and experimental validation of scroll expander for small scale power generation system},
  author={Ma, Zhiwei and Bao, Huashan and Roskilly, Anthony Paul},
  journal={Applied energy},
  volume={186},
  pages={262--281},
  year={2017},
  publisher={Elsevier}
}
@article{zhang2017study,
  title={Study on the performance and optimization of a scroll expander driven by compressed air},
  author={Zhang, Xinjing and Xu, Yujie and Xu, Jian and Sheng, Yong and Zuo, Zhitao and Liu, Jimin and Chen, Haisheng and Wang, Yaodong and Huang, Ye},
  journal={Applied Energy},
  volume={186},
  pages={347--358},
  year={2017},
  publisher={Elsevier}
}
@article{al2017innovative,
  title={An innovative small-scale two-stage axial turbine for low-temperature organic Rankine cycle},
  author={Al Jubori, Ayad M and Al-Dadah, Raya and Mahmoud, Saad},
  journal={Energy Conversion and Management},
  volume={144},
  pages={18--33},
  year={2017},
  publisher={Elsevier}
}
@article{leto2017preliminary,
  title={Preliminary Design of a Radial Turbine for Methane Expander Rocket-Engine},
  author={Leto, Angelo and Bonfiglioli, Aldo},
  journal={Energy Procedia},
  volume={126},
  pages={738--745},
  year={2017},
  publisher={Elsevier}
}
@article{hernandez2017advanced,
  title={Advanced materials for the impeller in an ORC radial microturbine},
  author={Hernandez-Carrillo, Isaias and Wood, Christopher J and Liu, Hao},
  journal={Energy Procedia},
  volume={129},
  pages={1047--1054},
  year={2017},
  publisher={Elsevier}
}
@inproceedings{narasimhan2017integration,
  title={Integration of Organic Rankine Cycle and Scroll expander models for effective design and performance using organic working fluids},
  author={Narasimhan, Arun Kumar and Wickramaratne, Chatura and Kamal, Rajeev and Singh, Punit and Goswami, D Yogi},
  booktitle={ASME 2017 11th International Conference on Energy Sustainability collocated with the ASME 2017 Power Conference Joint With ICOPE-17, the ASME 2017 15th International Conference on Fuel Cell Science, Engineering and Technology, and the ASME 2017 Nuclear Forum},
  year={2017},
  organization={American Society of Mechanical Engineers Digital Collection}
}
@inproceedings{pantano2017comparison,
  title={A Comparison Between a Microturbine and a Scroll-Type Expander for a Small Scale ORC Energy Recovery System for Vehicular Application},
  author={Pantano, Fabio and Capata, Roberto},
  booktitle={ASME 2017 International Mechanical Engineering Congress and Exposition},
  year={2017},
  organization={American Society of Mechanical Engineers Digital Collection}
}
@article{ying2017design,
  title={Design Optimization of A Small Scale High Expansion Ratio Organic Vapour Turbo Expander for Automotive Application},
  author={Ying, Qiyu and Zhuge, Weilin and Zhang, Yangjun and Zhang, Lei},
  journal={Energy Procedia},
  volume={129},
  pages={1133--1140},
  year={2017},
  publisher={Elsevier}
}
@inproceedings{song20171,
  title={1-D Model Analysis of Tesla Turbine for Small Scale Organic Rankine Cycle (ORC) System},
  author={Song, Jian and Gu, Chun-wei},
  booktitle={ASME Turbo Expo 2017: Turbomachinery Technical Conference and Exposition},
  year={2017},
  organization={American Society of Mechanical Engineers Digital Collection}
}
@article{talluri2017simulation,
  title={Simulation and Design Tool for ORC Axial Turbine Stage},
  author={Talluri, Lorenzo and Lombardi, Giacomo},
  journal={Energy Procedia},
  volume={129},
  pages={277--284},
  year={2017},
  publisher={Elsevier}
}
@article{pantano2017expander,
  title={Expander selection for an on board ORC energy recovery system},
  author={Pantano, Fabio and Capata, Roberto},
  journal={Energy},
  volume={141},
  pages={1084--1096},
  year={2017},
  publisher={Elsevier}
}
@article{alshammari2017radial,
  title={Radial expander design for an engine organic Rankine cycle waste heat recovery system},
  author={Alshammari, Fuhaid and Karvountzis-Kontakiotis, A and Pesiridis, A and Minton, Timothy},
  journal={Energy Procedia},
  volume={129},
  pages={285--292},
  year={2017},
  publisher={Elsevier}
}
@article{miao2017experimental,
  title={Experimental and modeling investigation of an organic Rankine cycle system based on the scroll expander},
  author={Miao, Zheng and Xu, Jinliang and Zhang, Kai},
  journal={Energy},
  volume={134},
  pages={35--49},
  year={2017},
  publisher={Elsevier}
}
@article{ziviani2017optimizing,
  title={Optimizing the performance of small-scale organic Rankine cycle that utilizes a single-screw expander},
  author={Ziviani, Davide and Gusev, Sergei and Lecompte, Steven and Groll, EA and Braun, JE and Horton, WT and van den Broek, Martijn and De Paepe, Michel},
  journal={Applied energy},
  volume={189},
  pages={416--432},
  year={2017},
  publisher={Elsevier}
}
@article{bianchi2017numerical,
  title={Numerical CFD simulations on a small-scale ORC expander using a customized grid generation methodology},
  author={Bianchi, Giuseppe and Rane, Sham and Kovacevic, Ahmed and Cipollone, Roberto and Murgia, Stefano and Contaldi, Giulio},
  journal={Energy Procedia},
  volume={129},
  pages={843--850},
  year={2017},
  publisher={Elsevier}
}
@article{rahbar2017development,
  title={Development and experimental study of a small-scale compressed air radial inflow turbine for distributed power generation},
  author={Rahbar, Kiyarash and Mahmoud, Saad and Al-Dadah, Raya K and Moazami, Nima and Mirhadizadeh, Seyed A},
  journal={Applied Thermal Engineering},
  volume={116},
  pages={549--583},
  year={2017},
  publisher={Elsevier}
}
@article{rak2018influence,
  title={Influence of the applied working fluid and the arrangement of the steering edges on multi-vane expander performance in micro ORC system},
  author={Rak, J{\'o}zef and B{\l}asiak, Przemys{\l}aw and Kolasi{\'n}ski, Piotr},
  journal={Energies},
  volume={11},
  number={4},
  pages={892},
  year={2018},
  publisher={Multidisciplinary Digital Publishing Institute}
}
@article{alshammari2018expander,
  title={Expander technologies for automotive engine organic rankine cycle applications},
  author={Alshammari, Fuhaid and Karvountzis-Kontakiotis, Apostolos and Pesyridis, Apostolos and Usman, Muhammad},
  journal={Energies},
  volume={11},
  number={7},
  pages={1905},
  year={2018},
  publisher={Multidisciplinary Digital Publishing Institute}
}
@article{emhardt2018review,
  title={A review of scroll expander geometries and their performance},
  author={Emhardt, Simon and Tian, Guohong and Chew, John},
  journal={Applied Thermal Engineering},
  volume={141},
  pages={1020--1034},
  year={2018},
  publisher={Elsevier}
}
@article{pethurajan2018issues,
  title={Issues, comparisons, turbine selections and applications--An overview in organic Rankine cycle},
  author={Pethurajan, Vignesh and Sivan, Suresh and Joy, Grashin C},
  journal={Energy conversion and management},
  volume={166},
  pages={474--488},
  year={2018},
  publisher={Elsevier}
}
@article{alshammari2018experimental,
  title={Experimental study of a small scale organic Rankine cycle waste heat recovery system for a heavy duty diesel engine with focus on the radial inflow turbine expander performance},
  author={Alshammari, Fuhaid and Pesyridis, Apostolos and Karvountzis-Kontakiotis, Apostolos and Franchetti, Ben and Pesmazoglou, Yagos},
  journal={Applied Energy},
  volume={215},
  pages={543--555},
  year={2018},
  publisher={Elsevier}
}
@article{sun2018numerical,
  title={Numerical studies on the off-design performance of a cryogenic two-phase turbo-expander},
  author={Sun, Wan and Chen, Shuangtao and Hou, Yu and Bu, Shanshan and Ma, Zaiyong and Pan, Liangming},
  journal={Applied Thermal Engineering},
  volume={140},
  pages={34--42},
  year={2018},
  publisher={Elsevier}
}
@article{niu2018off,
  title={Off-design performance analysis of cryogenic turbo-expander based on mathematic prediction and experiment research},
  author={Niu, Lu and Meng, Yang and Chen, Shuangtao and Li, Xiaojiang and Zeng, Qiang and Lou, Fang and Hou, Yu},
  journal={Applied Thermal Engineering},
  volume={138},
  pages={873--887},
  year={2018},
  publisher={Elsevier}
}
@inproceedings{noall2018development,
  title={The Development and Testing of a Dual-Entry Turbine Expander for ORC Applications},
  author={Noall, Jeff and Ernst, Timothy},
  booktitle={ASME Turbo Expo 2018: Turbomachinery Technical Conference and Exposition},
  year={2018},
  organization={American Society of Mechanical Engineers Digital Collection}
}
@article{khalil2018development,
  title={Development of innovative non-repeated annular area dual stage small-scale nitrogen axial turbine for hybrid open-closed Rankine cycle},
  author={Khalil, Khalil M and Mahmoud, S and Al-Dadah, RK},
  journal={Energy conversion and management},
  volume={164},
  pages={157--174},
  year={2018},
  publisher={Elsevier}
}
@article{alshammari2018off,
  title={Off-design performance prediction of radial turbines operating with ideal and real working fluids},
  author={Alshammari, Fuhaid and Karvountzis-Kontakiotis, Apostolos and Pesiridis, Apostolos and Giannakakis, Panagiotis},
  journal={Energy Conversion and Management},
  volume={171},
  pages={1430--1439},
  year={2018},
  publisher={Elsevier}
}
@inproceedings{yuan2018investigation,
  title={Investigation of Flow-Induced Radial Force and its Influence on Rotor Dynamics for a Cryogenic Liquid Turbine Expander},
  author={Yuan, Ningbo and Sun, Jinju and Song, Peng and Huo, Changjiang and Sun, Shan},
  booktitle={ASME Turbo Expo 2018: Turbomachinery Technical Conference and Exposition},
  year={2018},
  organization={American Society of Mechanical Engineers Digital Collection}
}
@article{sciubbaaneural,
  title={A Neural Network approach to the optimal design of radial inflow turbines for ORC applications},
  author={Sciubbaa, Enrico and Toccia, Lorenzo}
}
@article{alshammari2018effect,
  title={Effect of radial turbo-expander design on off-highway vehicle organic Rankine cycle system efficiency},
  author={Alshammari, Fuhaid and Karvountzis-Kontakiotis, Apostolos and Pesyridis, Apostolos},
  journal={International Journal of Powertrains},
  volume={7},
  number={1-3},
  pages={72--93},
  year={2018},
  publisher={Inderscience Publishers (IEL)}
}
@article{dumont2018experimental,
  title={Experimental investigation and optimal performance assessment of four volumetric expanders (scroll, screw, piston and roots) tested in a small-scale organic Rankine cycle system},
  author={Dumont, Olivier and Parthoens, Antoine and Dickes, R{\'e}mi and Lemort, Vincent},
  journal={Energy},
  volume={165},
  pages={1119--1127},
  year={2018},
  publisher={Elsevier}
}
@article{qyyum2018innovative,
  title={Innovative propane-nitrogen two-phase expander refrigeration cycle for energy-efficient and low-global warming potential LNG production},
  author={Qyyum, Muhammad Abdul and Qadeer, Kinza and Lee, Sanggyu and Lee, Moonyong},
  journal={Applied Thermal Engineering},
  volume={139},
  pages={157--165},
  year={2018},
  publisher={Elsevier}
}
@inproceedings{huo2018flow,
  title={Flow Analysis of an Operational Natural Gas Turbo Expander},
  author={Huo, Changjiang and Sun, Jinju and Sun, Shan and Song, Peng and Zhao, Guizheng and Pan, Ben},
  booktitle={ASME Turbo Expo 2018: Turbomachinery Technical Conference and Exposition},
  year={2018},
  organization={American Society of Mechanical Engineers Digital Collection}
}
@article{dumont2019comparison,
  title={Comparison of a scroll, a screw, a roots, a piston expander and a Tesla turbine for small-scale organic Rankine cycle},
  author={Dumont, Olivier and Talluri, Lorenzo and Fiaschi, D and Manfrida, G and Lemort, Vincent},
  journal={ORC 2019 proceedings},
  year={2019}
}
@article{valenti2019proposal,
  title={Proposal of a thermally-driven air compressor for waste heat recovery},
  author={Valenti, Gianluca and Valenti, Alessandro and Staboli, Simone},
  journal={Energy Conversion and Management},
  volume={196},
  pages={1113--1125},
  year={2019},
  publisher={Elsevier}
}
@article{junior2019assessment,
  title={Assessment of a process flow diagram for NGL recovery using different condensation mechanisms},
  author={Junior, Samuel Amaral and Meneguelo, Ana Paula and Arrieche, Leonardo and Bacelos, Marcelo},
  journal={Computers \& Chemical Engineering},
  volume={130},
  pages={106557},
  year={2019},
  publisher={Elsevier}
}
@article{barone2019energy,
  title={Energy recovery through natural gas turboexpander and solar collectors: Modelling and thermoeconomic optimization},
  author={Barone, Giovanni and Buonomano, Annamaria and Calise, Francesco and Forzano, Cesare and Palombo, Adolfo},
  journal={Energy},
  volume={183},
  pages={1211--1232},
  year={2019},
  publisher={Elsevier}
}
@article{li2019preliminary,
  title={Preliminary design and performance analysis of a radial inflow turbine for a large-scale helium cryogenic system},
  author={Li, Xiaoming and Lv, Cui and Yang, Shaoqi and Li, Jian and Deng, Bicai and Li, Qing},
  journal={Energy},
  volume={167},
  pages={106--116},
  year={2019},
  publisher={Elsevier}
}
@article{yao2019performance,
  title={Performance research on a power generation system using twin-screw expanders for energy recovery at natural gas pressure reduction stations under off-design conditions},
  author={Yao, Sheng and Zhang, Yufeng and Deng, Na and Yu, Xiaohui and Dong, Shengming},
  journal={Applied Energy},
  volume={236},
  pages={1218--1230},
  year={2019},
  publisher={Elsevier}
}
@article{mirolli2006cementing,
  title={Cementing Kalina cycle effectiveness},
  author={Mirolli, Mark D},
  journal={IEEE Industry Applications Magazine},
  volume={12},
  number={4},
  pages={60--64},
  year={2006},
  publisher={IEEE}
}
@article{mlcak2002kalina,
  title={Kalina cycle{\textregistered} concepts for low temperature geothermal},
  author={Mlcak, Henry A},
  journal={Transactions-Geothermal Resources Council},
  pages={707--714},
  year={2002},
  publisher={Davis, CA; The Geothermal Resources Council; 1998}
}
@article{li2013kalina,
  title={A Kalina cycle with ejector},
  author={Li, Xinguo and Zhang, Qilin and Li, Xiajie},
  journal={Energy},
  volume={54},
  pages={212--219},
  year={2013},
  publisher={Elsevier}
}
@article{mokarram2018comparative,
  title={A comparative study and optimization of enhanced integrated geothermal flash and Kalina cycles: A thermoeconomic assessment},
  author={Mokarram, N Hassani and Mosaffa, AH},
  journal={Energy},
  volume={162},
  pages={111--125},
  year={2018},
  publisher={Elsevier}
}
@article{cao2018comprehensive,
  title={Comprehensive analysis and optimization of Kalina-Flash cycles for low-grade heat source},
  author={Cao, Liyan and Wang, Jiangfeng and Chen, Liangqi and Dai, Yiping},
  journal={Applied Thermal Engineering},
  volume={131},
  pages={540--552},
  year={2018},
  publisher={Elsevier}
}
@article{nithesh2016design,
  title={Design and performance analysis of radial-inflow turboexpander for OTEC application},
  author={Nithesh, KG and Chatterjee, Dhiman and Oh, Cheol and Lee, Young-Ho},
  journal={Renewable Energy},
  volume={85},
  pages={834--843},
  year={2016},
  publisher={Elsevier}
}
@article{wu2019design,
  title={Design and structure optimization of small-scale radial inflow turbine for organic Rankine cycle system},
  author={Wu, Tan and Shao, Long and Wei, Xinli and Ma, Xinling and Zhang, Guojie},
  journal={Energy Conversion and Management},
  volume={199},
  pages={111940},
  year={2019},
  publisher={Elsevier}
}
@article{al2020design,
  title={Design and manufacturing a small-scale radial-inflow turbine for clean organic Rankine power system},
  author={Al Jubori, Ayad M and Al-Mousawi, Fadhel N and Rahbar, Kiyarash and Al-Dadah, Raya and Mahmoud, Saad},
  journal={Journal of Cleaner Production},
  pages={120488},
  year={2020},
  publisher={Elsevier}
}
@misc{ansys2013ansys,
  title={ANSYS FLUENT theory guide},
  author={Ansys Inc},
  journal={Canonsburg, PA, Release 15.0},
  year={2013},
  publisher={Cannonsburg, PA, USA: ANSYS, Inc}
}
@article{anglart1996cfd,
  title={CFD application to prediction of void distribution in two-phase bubbly flows in rod bundles},
  author={Anglart, Henryk and Nylund, Olov},
  journal={Nuclear Engineering and Design},
  volume={163},
  number={1-2},
  pages={81--98},
  year={1996},
  publisher={Elsevier}
}
@inproceedings{kurul1990multidimensional,
  title={Multidimensional effects in forced convection subcooled boiling},
  author={Kurul, N and Podowski, Michael Z},
  booktitle={International Heat Transfer Conference Digital Library},
  year={1990},
  organization={Begel House Inc.}
}
@article{shah2010numerical,
  title={Numerical simulation of direct-contact condensation from a supersonic steam jet in subcooled water},
  author={Shah, Ajmal and Chughtai, Imran Rafiq and Inayat, Mansoor Hameed},
  journal={Chinese Journal of Chemical Engineering},
  volume={18},
  number={4},
  pages={577--587},
  year={2010},
  publisher={Elsevier}
}
@article{udffluent2015ansys,
  title={ANSYS fluent UDF manual},
  author={Fluent, ANSYS},
  journal={ANSYS Inc., USA},
  year={2015}
}
@article{sriveerakul2007performance,
  title={Performance prediction of steam ejector using computational fluid dynamics: Part 1. Validation of the CFD results},
  author={Sriveerakul, Thanarath and Aphornratana, Satha and Chunnanond, Kanjanapon},
  journal={International Journal of Thermal Sciences},
  volume={46},
  number={8},
  pages={812--822},
  year={2007},
  publisher={Elsevier}
}
@article{aphornratana1994theoretical,
  title={Theoretical and Experimental Investigation of a Combined Ejector-Absorption Refrigerator Department of Mechanical and Process Engi-neering},
  author={Aphornratana, S},
  journal={University of Sheffield},
  year={1994}
}
@article{brucker1977direct,
  title={Direct contact condensation of steam bubbles in water at high pressure},
  author={Brucker, GG and Sparrow, EM},
  journal={International Journal of Heat and Mass Transfer},
  volume={20},
  number={4},
  pages={371--381},
  year={1977},
  publisher={Elsevier}
}
@article{prakash1990two,
  title={Two-phase model for binary solid-liquid phase change, part I: governing equations},
  author={Prakash, C},
  journal={Numerical Heat Transfer, Part B Fundamentals},
  volume={18},
  number={2},
  pages={131--145},
  year={1990},
  publisher={Taylor \& Francis}
}
@article{unal1976maximum,
  title={Maximum bubble diameter, maximum bubble-growth time and bubble-growth rate during the subcooled nucleate flow boiling of water up to 17.7 MN/m 2},
  author={Unal, HC},
  journal={International Journal of Heat and Mass Transfer},
  volume={19},
  number={6},
  pages={643--649},
  year={1976}
}
@article{elghobashi1983two,
  title={A two-equation turbulence model for two-phase flows},
  author={Elghobashi, SE and Abou-Arab, TW},
  journal={The Physics of Fluids},
  volume={26},
  number={4},
  pages={931--938},
  year={1983},
  publisher={American Institute of Physics}
}
@article{simonin1990modelling,
  title={Modelling of turbulent two-phase jets loaded with discrete particles},
  author={Simonin, O and Viollet, PL},
  journal={Phenomena in multiphase flows},
  volume={1990},
  pages={259--269},
  year={1990},
  publisher={Hemisphere Publishing Corporation}
}
@article{narabayashi2000study,
  title={Study on two-phase flow dynamics in steam injectors: II. High-pressure tests using scale-models},
  author={Narabayashi, Tadashi and Mori, Michitsugu and Nakamaru, Mikihide and Ohmori, Syuichi},
  journal={Nuclear Engineering and Design},
  volume={200},
  number={1-2},
  pages={261--271},
  year={2000},
  publisher={Elsevier}
}
@article{narabayashi1997study,
  title={Study on two-phase flow dynamics in steam injectors},
  author={Narabayashi, Tadashi and Mizumachi, Wataru and Mori, Michitugu},
  journal={Nuclear Engineering and Design},
  volume={175},
  number={1-2},
  pages={147--156},
  year={1997},
  publisher={Elsevier}
}
@article{shah2013experimental,
  title={Experimental study of the characteristics of steam jet pump and effect of mixing section length on direct-contact condensation},
  author={Shah, Ajmal and Chughtai, Imran Rafiq and Inayat, Mansoor Hameed},
  journal={International Journal of Heat and Mass Transfer},
  volume={58},
  number={1-2},
  pages={62--69},
  year={2013},
  publisher={Elsevier}
}
@inproceedings{leishear2016design,
  title={Design and Application of Low Flow Steam Siphon Jet Pumps},
  author={Leishear, Robert A and Bennett, William M and Cooper, Jackie},
  booktitle={ASME Power Conference},
  volume={50213},
  pages={V001T11A013},
  year={2016},
  organization={American Society of Mechanical Engineers}
}
@misc{SchutteandKoerting,
  title={Schutte \& Koerting Homepage},
  author={Schutte \& Koerting},
  year={2020},
  howpublished="\url{https://www.s-k.com/}"
}
@misc{VenturiJetPumps,
  title={Venturi Jet Pumps Ltd Homepage},
  author={Venturi Jet Pumps Ltd},
  year={2020},
  howpublished="\url{http://www.venturipumps.com/index.html}"
}
@inproceedings{sait2018experimental,
  title={Experimental Investigation of Ejector Refrigeration System With Double Condensers},
  author={Sait, HH and Habibullah, BA and Turkman, N and Ma, HB},
  booktitle={ASME International Mechanical Engineering Congress and Exposition},
  volume={52088},
  pages={V06BT08A014},
  year={2018},
  organization={American Society of Mechanical Engineers}
}
@article{aidoun2019current,
  title={Current Advances in Ejector Modeling, Experimentation and Applications for Refrigeration and Heat Pumps. Part 1: Single-Phase Ejectors},
  author={Aidoun, Zine and Ameur, Khaled and Falsafioon, Mehdi and Badache, Messaoud},
  journal={Inventions},
  volume={4},
  number={1},
  pages={15},
  year={2019},
  publisher={Multidisciplinary Digital Publishing Institute}
}
@article{aidoun2019current,
  title={Current Advances in Ejector Modeling, Experimentation and Applications for Refrigeration and Heat Pumps. Part 2: Two-Phase Ejectors},
  author={Aidoun, Zine and Ameur, Khaled and Falsafioon, Mehdi and Badache, Messaoud},
  journal={Inventions},
  volume={4},
  number={1},
  pages={16},
  year={2019},
  publisher={Multidisciplinary Digital Publishing Institute}
}
@misc{IEA2018PhilippineEnergyBalance,
  title={IEA Philippine Sankey Diagram},
  author={IEA},
  year={2020},
  howpublished="\url{https://www.iea.org/sankey/#?c=Philippines&s=Balance}"
}
@misc{WorldEnergyCouncil2013,
  title={World Energy Resources: Geothermal},
  author={World Energy Council},
  year={2013},
  howpublished="\url{https://www.worldenergy.org/assets/images/imported/2013/10/WER_2013_9_Geothermal.pdf}"
}
@book{white1975assessment,
  title={Assessment of Geothermal Resources of the United States, 1975},
  author={White, Donald Edward and Williams, David L},
  number={726-730},
  year={1975},
  publisher={US Department of the Interior, Geological Survey}
}
@article{lund2015worldwide,
  title={Worldwide geothermal energy utilization 2015},
  author={Lund, John W and Bertani, Ruggero and Boyd, T},
  journal={GRC Transactions},
  volume={39},
  pages={79--92},
  year={2015}
}
@misc{PaoloCagnacciPhotography,
  title={Larderello Geothermal Energy},
  author={Paolo Cagnacci},
  year={2020},
  howpublished="\url{http://paolocagnacci.it/larderello-geothermal-energy-28/}"
}
@misc{LarderelloGPP,
  title={2017 starts with new record for geothermal energy production in Tuscany, Italy},
  author={THINKGEOENERGY},
  year={2017},
  howpublished="\url{https://www.thinkgeoenergy.com/2017-starts-with-new-record-for-geothermal-energy-production-in-tuscany-italy/}"
}
@misc{geothermalcommunities,
  title={Geothermal Systems and Technologies, Geothermal Resources and Reservoirs},
  author={Geothermal Communities},
  year={2020},
  howpublished="\url{https://geothermalcommunities.eu/assets/presentation/2.Course_GT.pdf}"
}
@inproceedings{halcon2015detailed,
  title={Detailed resource assessment of selected low-enthalpy geothermal areas in the Philippines},
  author={Halcon, Rainier M and Fronda, Ariel D and Del Rosario, RA and others},
  booktitle={World Geothermal Congress},
  year={2015}
}
@inproceedings{fronda2015geothermal,
  title={Geothermal development in the Philippines: the country update},
  author={Fronda, Ariel D and Marasigan, Mario C and Lazaro, Vanessa S},
  booktitle={Proceedings World Geothermal Congress 2015},
  pages={19--24},
  year={2015}
}
@article{badr1991rotary,
  title={Rotary Wankel engines as expansion devices in steam Rankine-cycle engines},
  author={Badr, O and Naik, S and O'Callaghan, PW and Probert, SD},
  journal={Applied Energy},
  volume={39},
  number={1},
  pages={59--76},
  year={1991},
  publisher={Elsevier}
}
@article{badr1991expansion,
  title={Expansion machine for a low power-output steam Rankine-cycle engine},
  author={Badr, O and Naik, S and O'Callaghan, PW and Probert, SD},
  journal={Applied Energy},
  volume={39},
  number={2},
  pages={93--116},
  year={1991},
  publisher={Elsevier}
}
@article{kim2007scroll,
  title={Scroll expander for power generation from a low-grade steam source},
  author={Kim, HJ and Ahn, JM and Park, I and Rha, PC},
  journal={Proceedings of the Institution of Mechanical Engineers, Part A: Journal of Power and Energy},
  volume={221},
  number={5},
  pages={705--711},
  year={2007},
  publisher={SAGE Publications Sage UK: London, England}
}
@article{fischer2011comparison,
  title={Comparison of trilateral cycles and organic Rankine cycles},
  author={Fischer, Johann},
  journal={Energy},
  volume={36},
  number={10},
  pages={6208--6219},
  year={2011},
  publisher={Elsevier}
}
@article{yapici2008experimental,
  title={Experimental determination of the optimum performance of ejector refrigeration system depending on ejector area ratio},
  author={Yap{\i}c{\i}, R and Ersoy, HK and Aktoprako{\u{g}}lu, A and Halkac{\i}, HS and Yi{\u{g}}it, O},
  journal={International journal of refrigeration},
  volume={31},
  number={7},
  pages={1183--1189},
  year={2008},
  publisher={Elsevier}
}

@article{chen2013numerical,
  title={The numerical analysis of the effect of geometrical factors on natural gas ejector performance},
  author={Chen, Weixiong and Chong, Daotong and Yan, JunJie and Liu, Jiping},
  journal={Applied Thermal Engineering},
  volume={59},
  number={1-2},
  pages={21--29},
  year={2013},
  publisher={Elsevier}
}
@article{jeon2017performance,
  title={Performance characteristics of an R600a household refrigeration cycle with a modified two-phase ejector for various ejector geometries and operating conditions},
  author={Jeon, Yongseok and Kim, Sunjae and Kim, Dongwoo and Chung, Hyun Joon and Kim, Yongchan},
  journal={Applied Energy},
  volume={205},
  pages={1059--1067},
  year={2017},
  publisher={Elsevier}
}
@article{pei2019numerical,
  title={Numerical studies on wide-operating-range ejector based on anodic pressure drop characteristics in proton exchange membrane fuel cell system},
  author={Pei, Pucheng and Ren, Peng and Li, Yuehua and Wu, Ziyao and Chen, Dongfang and Huang, Shangwei and Jia, Xiaoning},
  journal={Applied Energy},
  volume={235},
  pages={729--738},
  year={2019},
  publisher={Elsevier}
}
@article{huang1985ejector,
  title={Ejector performance characteristics and design analysis of jet refrigeration system},
  author={Huang, BJ and Jiang, CB and Hu, FL},
  year={1985}
}
@article{chong2014experimental,
  title={Experimental and numerical analysis of supersonic air ejector},
  author={Chong, Daotong and Hu, Mengqi and Chen, Weixiong and Wang, Jinshi and Liu, Jiping and Yan, Junjie},
  journal={Applied Energy},
  volume={130},
  pages={679--684},
  year={2014},
  publisher={Elsevier}
}
@article{pianthong2007investigation,
  title={Investigation and improvement of ejector refrigeration system using computational fluid dynamics technique},
  author={Pianthong, Kulachate and Seehanam, Wirapan and Behnia, Masud and Sriveerakul, Thanarath and Aphornratana, Satha},
  journal={Energy Conversion and Management},
  volume={48},
  number={9},
  pages={2556--2564},
  year={2007},
  publisher={Elsevier}
}
@article{ansys2011ansys,
  title={ANSYS FLUENT theory guide},
  author={Ansys, Inc},
  journal={Canonsburg, Pa},
  volume={794},
  year={2011}
}
@article{young1988equation,
  title={An equation of state for steam for turbomachinery and other flow calculations},
  author={Young, JB},
  year={1988}
}
@article{young1982spontaneous,
  title={Spontaneous condensation of steam in supersonic nozzles},
  author={Young, JB},
  journal={Physicochemical Hydrodynamics (PCH)},
  volume={3},
  pages={57--82},
  year={1982},
  publisher={Pergamon}
}
@misc{GardnerDenver,
  title={GardnerDenver Homepage},
  author={GardnerDenver},
  year={2021},
  howpublished="\url{https://www.gardnerdenver.com/en-us/nash/technologies-by-nash/technology-of-steam-ejectors}"
}
@article{thorhallsson2012slim,
  title={Slim wells for geothermal exploration},
  author={Thorhallsson, Sverrir and Gunnsteinsson, S},
  journal={Short Course on Geothermal Development and Geothermal Wells”, organized by UNU-GTP and LaGeo, in Santa Tecla, El Salvador},
  year={2012}
}
@article{li2019analysis,
  title={Analysis of a combined trilateral cycle-organic Rankine cycle (TLC-ORC) system for waste heat recovery},
  author={Li, Zhi and Huang, Rui and Lu, Yiji and Roskilly, Antony Paul and Yu, Xiaoli},
  journal={Energy Procedia},
  volume={158},
  pages={1786--1791},
  year={2019},
  publisher={Elsevier}
}
@incollection{ajimotokan2014trilateral,
  title={Trilateral flash cycle for recovery of power from a finite low-grade heat source},
  author={Ajimotokan, Habeeb A and Sher, Ilai and Biliyok, Chechet and Yeung, Hoi},
  booktitle={Computer Aided Chemical Engineering},
  volume={33},
  pages={1831--1836},
  year={2014},
  publisher={Elsevier}
}
@article{ajimotokan2015thermodynamic,
  title={Thermodynamic performance simulation and design optimisation of trilateral-cycle engines for waste heat recovery-to-power generation},
  author={Ajimotokan, HA and Sher, I},
  journal={Applied Energy},
  volume={154},
  pages={26--34},
  year={2015},
  publisher={Elsevier}
}
@article{iqbal2019trilateral,
  title={Trilateral Flash Cycle (TFC): a promising thermodynamic cycle for low grade heat to power generation},
  author={Iqbal, Md Arbab and Rana, Sohel and Ahmadi, Mahdi and Date, Abhijit and Akbarzadeh, Aliakbar},
  journal={Energy Procedia},
  volume={160},
  pages={208--214},
  year={2019},
  publisher={Elsevier}
}
@article{cipollone2017low,
  title={Low grade thermal recovery based on trilateral flash cycles using recent pure fluids and mixtures},
  author={Cipollone, Roberto and Bianchi, Giuseppe and Di Bartolomeo, Marco and Di Battista, Davide and Fatigati, Fabio},
  journal={Energy Procedia},
  volume={123},
  pages={289--296},
  year={2017},
  publisher={Elsevier}
}
@incollection{SAREVSKI2016227,
title = {Chapter 7 - Water (R718) Turbo Compressor Refrigeration/Heat Pump Systems},
editor = {Milan N. Šarevski and Vasko N. Šarevski},
booktitle = {Water (R718) Turbo Compressor and Ejector Refrigeration / Heat Pump Technology},
publisher = {Butterworth-Heinemann},
address = {Boston},
pages = {227-246},
year = {2016},
isbn = {978-0-08-100733-4},
doi = {https://doi.org/10.1016/B978-0-08-100733-4.00007-X},
url = {https://www.sciencedirect.com/science/article/pii/B978008100733400007X},
author = {Milan N. Šarevski and Vasko N. Šarevski},
keywords = {Two-stage centrifugal compressor, high impeller peripheral speed, high Mach number, low Reynolds number, large dimensions, high superheating, direct flash evaporation and condensation, high COP, high efficiency},
abstract = {R718 centrifugal refrigeration/heat pump systems are investigated to determine optimal schematic structure, to estimate performance characteristics, and to provide possibilities for wider application in the field of air-conditioning. Deep vacuum operating conditions, low specific volumetric cooling capacity, small molecular mass, and high isentropic exponent of the water are peculiarities which determine the main parameters of centrifugal compressors and the range of rational application of R718 refrigeration/heat pump systems. High impeller peripheral speed, high Mach number, low Reynolds number, large dimensions, and high superheating at the compressor discharge are the features of R718 centrifugal refrigeration compressors. A two-stage centrifugal compressor and, respectively, two-stage refrigeration cycle are optimal technical solutions for refrigeration systems in the field of air-conditioning applications. Direct flash evaporation and condensation provide simplicity and the possibility of achieving a high COP. A comparison shows that R718 centrifugal refrigeration systems are competitive with traditional refrigeration systems.}
}
@article{wang2016experimental,
  title={Experimental investigation on two-phase driven ejector performance in a novel ejector enhanced refrigeration system},
  author={Wang, Xiao and Yu, Jianlin},
  journal={Energy Conversion and Management},
  volume={111},
  pages={391--400},
  year={2016},
  publisher={Elsevier}
}
@book{kosky2015exploring,
  title={Exploring engineering: an introduction to engineering and design},
  author={Kosky, Philip and Balmer, Robert T and Keat, William D and Wise, George},
  year={2015},
  publisher={Academic Press}
}
@misc{EngineeringToolbox,
  title={Convective Heat Transfer},
  author={Engineering Toolbox},
  year={2003},
  howpublished="\url{https://www.engineeringtoolbox.com/convective-heat-transfer-d_430.html}"
}
@misc{NASH:Technology,
  title={Steam Ejector and Hybrid Vacuum Systems},
  author={Gardner Denver},
  year={2021},
  howpublished="\url{https://www.gardnerdenver.com/en-ph/nash/steam-ejector-hybrid-system}"
}